1702 2826
362 94 456 139 DE
497 93 783 138 IMPERIO
828 92 926 138 GN.
975 91 1243 137 POMPEI.
1445 91 1502 135 27

113 214 319 259 tudinem
334 212 602 271 cupidorum
615 211 854 255 hominum
867 224 1001 254 nemo
1015 209 1279 253 arbitratur.
1310 208 1508 252 Difficile
1530 210 1585 254 65

111 294 182 335 est
203 290 342 345 dictu,
368 289 585 342 Quirites,
611 292 784 346 quanto
806 287 856 330 in
883 286 986 330 odio
1009 286 1151 330 simus
1181 284 1304 343 apud
1327 289 1508 328 exteras

108 366 319 411 nationes
331 369 519 424 propter
540 379 708 420 eorum,
729 378 843 421 quos
864 362 923 406 ad
946 377 1022 406 eas
1043 377 1124 420 per
1138 361 1221 405 hos
1242 376 1387 404 annos
1403 376 1504 404 cum

110 441 301 500 imperio
336 440 555 495 misimus,
596 439 810 483 libidines
853 443 901 483 et
937 438 1141 482 iniurias.
1213 436 1345 490 Quod
1383 437 1505 480 enim

110 517 270 561 fanum
324 516 501 575 putatis
542 515 593 559 in
635 515 727 558 illis
771 514 908 558 terris
949 513 1120 557 nostris
1162 512 1507 570 magistratibus

109 591 383 650 religiosum,
418 606 556 649 quam
600 590 835 634 civitatem
879 593 1096 642 sanctam,
1138 603 1275 646 quam
1320 586 1504 630 domum

108 668 221 712 satis
243 667 442 712 clausam
464 682 517 711 ac
538 666 765 710 munitam
779 665 950 709 fuisse?
982 665 1137 709 Urbes
1152 664 1244 707 iam
1258 663 1506 722 locupletes

108 747 156 787 et
189 743 394 802 copiosae
432 742 743 800 requiruntur,
781 741 948 800 quibus
991 756 1126 785 causa
1167 740 1276 783 belli
1319 744 1506 798 propter

108 817 355 876 diripiendi
372 818 671 876 cupiditatem
688 816 927 861 inferatur.
995 815 1214 859 Libenter
1226 815 1336 859 haec
1354 830 1504 859 coram
1527 816 1582 859 66

108 908 211 936 cum
234 893 286 947 Q.
315 893 479 937 Catulo
502 898 549 937 et
573 893 624 946 Q.
652 892 919 947 Hortensio,
945 891 1134 936 summis
1164 896 1211 935 et
1243 891 1504 935 clarissimis

110 968 232 1023 viris,
268 968 578 1026 disputarem3
622 972 852 1012 noverunt
886 967 1007 1011 enim
1040 967 1264 1011 sociorum
1298 967 1501 1022 vulnera,

109 1042 269 1086 vident
290 1057 447 1087 eorum
478 1044 774 1099 calamitates,
799 1043 1107 1101 querimonias
1135 1043 1343 1087 audiunt.
1412 1042 1503 1087 Pro

106 1118 239 1162 sociis
264 1133 346 1163 vos
374 1123 534 1163 contra
562 1120 716 1164 hostes
749 1119 1001 1164 exercitum
1024 1119 1208 1162 mittere
1231 1118 1419 1177 putatis,
1443 1134 1504 1162 an

106 1192 308 1237 hostium
330 1193 622 1239 simulatione
645 1199 804 1239 contra
826 1194 970 1239 socios
993 1198 1132 1252 atque
1146 1193 1342 1238 amicosl
1375 1194 1503 1248 Quae

105 1268 269 1312 civitas
302 1273 373 1313 est
408 1268 459 1312 in
493 1269 621 1324 Asia,
657 1284 774 1327 quae
806 1284 900 1313 non
933 1268 1068 1313 modo
1100 1267 1389 1326 imperatoris
1420 1272 1503 1311 aut

105 1343 256 1401 legati,
292 1344 372 1389 sed
405 1345 544 1389 unius
575 1346 752 1389 tribuni
785 1346 986 1389 militum
1021 1335 1203 1389 animos
1230 1361 1282 1389 ac
1314 1345 1503 1403 spiritus

105 1434 263 1477 capere
294 1420 468 1478 possit‘l
529 1420 727 1465 XXIII.
795 1421 948 1475 Quare
971 1421 1110 1465 etiam
1133 1421 1171 1465 si
1201 1436 1337 1479 quem
1363 1420 1500 1464 habe-

105 1495 177 1549 tis,
212 1495 291 1554 qui
315 1496 492 1540 collatis
522 1496 664 1554 signis
696 1498 924 1540 exercitus
956 1496 1104 1555 regios
1130 1511 1345 1555 superare
1371 1511 1500 1554 posse

106 1569 328 1624 videatur,
364 1574 533 1624 tamen,
573 1571 664 1614 nisi
707 1571 796 1614 erit
839 1571 973 1626 idem,
1013 1572 1092 1630 qui
1135 1587 1183 1615 se
1226 1587 1253 1615 a
1296 1572 1500 1630 pecuniis

103 1644 340 1698 sociorum,
365 1645 445 1702 qui
478 1646 536 1688 ab
566 1660 722 1689 eorum
750 1646 1020 1704 coniugibus
1051 1662 1104 1690 ac
1136 1646 1304 1700 liberis,
1330 1646 1409 1704 qui
1441 1647 1499 1690 ab

104 1718 384 1762 ornamentis
426 1718 638 1763 fanorum
675 1723 813 1777 atque
851 1719 1136 1778 oppidorum,
1177 1719 1257 1777 qui
1291 1720 1349 1763 ab
1387 1735 1499 1764 auro

101 1808 301 1852 gazaque
332 1795 457 1853 regia
482 1811 656 1850 manus,
682 1796 846 1850 oculos,
871 1796 1077 1839 animum
1106 1796 1315 1841 cohibere
1340 1798 1497 1855 possit,

102 1884 196 1912 non
218 1869 306 1913 erit
327 1869 519 1914 idoneus
540 1870 620 1928 qui
642 1870 700 1914 ad
732 1870 904 1914 bellum
937 1870 1198 1914 Asiaticum
1231 1871 1498 1930 regiumque

102 1945 328 1990 mittatur.
397 1946 601 2004 Ecquam
628 1947 804 2005 putatis
837 1946 1073 1991 civitatem
1099 1951 1308 2006 pacatam
1342 1947 1494 2003 fuisse,
1518 1950 1573 1995 6¹7

101 2036 218 2079 quae
239 2021 439 2080 locuples
468 2023 560 2067 sit‘l
593 2038 780 2082 ecquam
810 2038 905 2067 esse
937 2023 1223 2082 locupletem,
1248 2039 1364 2082 quae
1395 2024 1497 2068 istis

101 2102 263 2154 pacata
299 2112 395 2142 esse
430 2098 672 2143 videatur‘l
737 2099 830 2143 Ora
864 2099 1109 2154 maritima,
1151 2099 1367 2154 Quirites,
1410 2098 1491 2145 On.

100 2172 370 2233 Pompeium
391 2189 484 2219 non
500 2176 647 2220 solum
669 2181 857 2235 propter
870 2177 936 2220 rei
958 2176 1172 2221 militaris
1186 2176 1390 2235 gloriam,
1415 2177 1495 2222 sed

99 2251 238 2295 etiam
260 2257 447 2311 propter
461 2253 605 2297 animi
626 2253 958 2297 continentiam
971 2252 1223 2311 requisivit.
1290 2252 1496 2297 Videbat

99 2327 220 2371 enim
249 2333 482 2386 praetores
510 2329 780 2387 locupletari
808 2329 1057 2387 quotannis
1088 2328 1281 2387 pecunia
1312 2327 1496 2386 publica

98 2407 279 2461 praeter
320 2419 498 2463 paucos,
538 2420 685 2464 neque
729 2420 805 2449 eos
842 2405 1092 2463 quidquam
1135 2404 1263 2448 aliud
1304 2403 1494 2462 adsequi

98 2477 307 2522 classium
330 2479 525 2533 nomine,
542 2479 632 2522 nisi
653 2483 708 2523 ut
730 2479 1019 2523 detrimentis
1035 2478 1310 2537 accipiendis
1322 2478 1493 2522 maiore

97 2553 230 2598 adfici
266 2555 555 2612 turpitudine
590 2555 860 2599 videremur.
929 2553 1069 2599 Nunc
1106 2570 1198 2613 qua
1239 2554 1492 2613 cupiditate

220 2642 272 2673 w.
1337 2630 1360 2673 6
