1702 2826
482 594 546 642 M.
595 595 802 644 TULLI
853 594 1230 644 CICERONIS

830 745 884 770 DE

289 862 678 936 IMPERIO
734 863 1022 937 GNAEI
1075 867 1422 940 POMPEI

477 1018 723 1063 ORATIO
768 1019 864 1062 AD
909 1020 1231 1074 QUIRITES.

253 1233 291 1277 I.
360 1233 651 1292 Quamquam
682 1234 796 1278 mihi
830 1251 1008 1294 semper
1041 1235 1256 1294 frequens
1288 1244 1554 1296 conspectus
1573 1237 1596 1279 1

161 1313 310 1352 vester
331 1308 479 1353 multo
508 1309 876 1367 iucundissimus,
902 1310 976 1354 hic
1004 1316 1159 1354 autem
1190 1311 1315 1355 locus
1340 1312 1399 1355 ad
1421 1327 1552 1370 agen-

157 1384 267 1428 dum
288 1385 607 1443 amplissimus,
632 1386 690 1430 ad
714 1386 957 1431 dicendum
979 1389 1297 1432 ornatissimus
1319 1394 1389 1432 est
1411 1390 1547 1446 visus,

157 1460 375 1516 Quirites,
398 1466 554 1506 tamen
587 1461 672 1506 hoc
703 1462 834 1505 aditu
866 1463 1027 1519 laudis,
1057 1464 1136 1522 qui
1169 1479 1345 1522 semper
1378 1465 1550 1523 optimo

156 1537 319 1596 cuique
352 1538 551 1581 maxime
584 1539 748 1596 patuit,
778 1553 871 1582 non
904 1554 1005 1582 mea
1037 1555 1110 1583 me
1143 1541 1358 1584 voluntas
1383 1541 1543 1598 adhuc,

156 1610 235 1654 sed
272 1612 396 1655 vitae
433 1627 559 1655 meae
588 1612 789 1655 rationes
820 1612 878 1656 ab
911 1613 1100 1657 ineunte
1133 1619 1283 1658 aetate
1316 1621 1550 1673 susceptae

156 1685 501 1743 prohibuerunt.
570 1687 694 1731 Nam
720 1703 823 1732 cum
856 1693 993 1732 antea
1021 1704 1103 1747 per
1123 1693 1322 1733 aetatem
1344 1691 1549 1734 nondum

155 1761 293 1805 huius
305 1763 627 1807 auctoritatem
640 1763 727 1807 loci
740 1765 967 1823 attingere
981 1765 1195 1808 auderem
1211 1770 1549 1824 statueremque

154 1836 272 1880 nihil
293 1836 383 1881 huc
404 1838 493 1881 nisi
516 1838 769 1896 perfectum
793 1840 988 1898 ingenio,
1014 1840 1297 1884 elaboratum
1320 1840 1549 1884 industria

155 1913 325 1958 adferri
354 1920 575 1973 oportere,
605 1931 738 1960 omne
769 1932 921 1960 meum
954 1921 1135 1974 tempus
1160 1917 1409 1961 amicorum
1439 1922 1548 1961 tem-

155 1990 342 2054 poribus
366 1992 775 2036 transmittendum
806 1993 979 2050 putavi.
1050 1993 1126 2036 Ita
1151 2008 1299 2051 neque
1321 1992 1401 2036 'hic
1422 1993 1547 2037 locus
1568 2001 1594 2044 2

155 2078 326 2108 vacuus
357 2081 575 2125 umquam
608 2066 700 2110 fuit
728 2068 786 2111 ab
818 2068 886 2124 iis,
920 2068 999 2126 qui
1032 2072 1232 2110 vestram
1261 2082 1442 2111 causam
1476 2067 1547 2111 de-

155 2139 409 2195 fenderent,
428 2147 475 2185 et
497 2157 624 2186 meus
646 2143 785 2199 labor,
809 2143 859 2186 in
881 2144 1167 2202 privatorum
1191 2143 1404 2201 periculis
1425 2149 1547 2187 caste

155 2214 421 2275 integreque
460 2222 681 2273 versatus,
722 2234 779 2262 ex
822 2216 975 2262 vestro
1018 2219 1187 2262 iudicio
1231 2219 1434 2262 fructum
1477 2224 1547 2263 est

155 2292 485 2350 amplissimum
499 2299 777 2338 consecutus.
819 2294 944 2337 Nam
962 2310 1064 2337 cum
1079 2298 1264 2352 propter
1280 2293 1545 2338 dilationem

157 2369 444 2412 comitiorum
477 2374 549 2413 ter
582 2375 767 2428 praetor
800 2371 976 2428 primus
1013 2371 1232 2414 centuriis
1269 2370 1445 2414 cunctis
1482 2386 1546 2414 re·-

155 2445 397 2489 nuntiatus
419 2461 532 2502 sum,
561 2446 693 2490 facile
715 2447 936 2502 intellexi,
955 2447 1170 2503 Quirites,
1193 2450 1240 2490 et
1263 2447 1373 2504 quid
1397 2446 1452 2490 de
1474 2461 1546 2490 me

155 2519 416 2563 iudicaret-is
448 2526 495 2564 et
528 2521 638 2579 quid
671 2521 774 2564 aliis
812 2521 1188 2579 praescriberetis.
1256 2521 1408 2576 Nunc,
1444 2537 1546 2564 cum

155 2600 202 2639 et
223 2597 510 2641 auctoritatis
542 2598 591 2640 in
613 2614 685 2641 me
707 2603 891 2642 tantum
915 2599 987 2653 sit,
1014 2602 1238 2656 quantum
1266 2613 1347 2642 vos
1369 2597 1546 2641 honori-
