1702 2826
179 178 238 220 20
439 175 529 218 DE
570 176 860 220 IMPERIO
905 175 1002 221 GN.
1051 177 1317 222 POMPEI.

180 296 408 340 exercitus
430 311 526 340 esse
549 296 822 341 commissos.
891 296 1004 341 Fuit
1025 298 1148 341 enim
1169 297 1376 357 profecto
1397 299 1581 358 quibus-

178 372 286 416 dam
319 372 511 416 summis
548 371 662 416 viris
694 371 921 430 quaedam
957 371 1018 416 ad
1054 373 1407 431 amplitudinem
1442 379 1489 419 et
1521 375 1582 420 ad

177 447 370 507 gloriam
413 452 461 492 et
502 447 563 492 ad
605 462 679 492 res
720 462 911 505 magnas
946 447 1064 492 bene
1097 449 1320 507 gerendas
1357 449 1600 495 divinitus·

177 525 395 570 adiuncta
415 524 617 569 fortuna.
686 524 759 568 De
780 523 920 568 huius
940 528 1097 568 autem
1128 524 1328 569 hominis
1348 525 1580 582 felicitate,

177 603 234 647 de
268 617 359 661 quo
393 616 518 646 nunc
551 601 742 659 agimus,
776 600 862 644 hac
899 604 1007 644 utar
1040 600 1354 646 moderatione
1386 601 1580 657 dicendi,

177 692 271 722 non
287 682 341 721 ut
363 677 413 720 in
435 676 561 720 illius
576 680 806 734 potestate
827 674 1066 719 fortunam
1081 676 1278 735 positam
1301 692 1397 722 esse
1419 677 1580 734 dicam,

178 751 258 797 sed
279 756 334 795 ut
357 750 608 810 praeterita
629 749 902 804 meminisse,
921 735 1101 808 reliqua
1122 765 1305 809 sperare
1327 750 1580 807 videamur,

178 843 238 872 ne
269 832 353 872 aut
385 827 536 870 invisa
565 826 636 870 dis
664 824 1005 870 immortalibus
1037 826 1185 870 oratio
1218 831 1377 871 nostra
1407 831 1491 871 aut
1518 827 1584 872 in-

99 905 156 949 48
177 908 310 962 grata
342 919 438 948 esse
465 903 690 947 videatur.
760 902 928 961 Itaque
961 918 1056 947 non
1086 918 1187 947 sum
1221 903 1580 963 praedicaturus,

179 983 377 1037 quantas
398 978 477 1022 ille
493 992 566 1022 res
579 977 703 1021 domi
720 977 927 1034 militiae,
946 982 1072 1022 terra
1085 978 1304 1037 marique,
1321 983 1585 1038 quantaque

179 1055 402 1099 felicitate
444 1055 648 1113 gesserit,
686 1058 740 1097 ut
783 1055 882 1098 eius
917 1069 1095 1114 semper
1137 1055 1456 1100 voluntatibus
1492 1071 1586 1100 non

180 1131 320 1187 modo·
359 1131 481 1175 cives
523 1130 824 1184 adsenserint,
864 1131 973 1175 socii
1020 1131 1393 1190 obtemperarint,
1432 1130 1587 1176 hostes

180 1208 476 1265 oboedierint,
499 1207 577 1252 sed
595 1208 736 1252 etiam
750 1207 880 1251 venti
903 1212 1290 1267 tempestatesque
1313 1208 1586 1254 obsecunda-

180 1285 296 1330 rint:
346 1286 431 1330 hoc
467 1283 732 1330 brevissime
771 1286 933 1340 dicam,
965 1286 1197 1330 neminem
1231 1301 1452 1345 umquam
1489 1291 1586 1331 tam

178 1361 495 1420 impudentem
539 1361 693 1416 fuisse,
732 1361 812 1419 qui
854 1361 913 1405 ab
949 1361 1020 1405 dis
1054 1362 1393 1406 immortalibus
1425 1366 1497 1407 tot
1539 1366 1588 1406 et

178 1443 334 1482 tantas
360 1454 432 1482 res
461 1438 631 1482 tacitus
663 1438 855 1482 auderet
887 1443 1059 1496 optare,
1085 1442 1198 1497 quot
1230 1443 1278 1483 et
1310 1443 1508 1497 quantas
1538 1438 1588 1483 di

180 1514 461 1558 immortales
494 1514 553 1558 ad
599 1514 678 1558 Cn.
718 1514 990 1572 Pompeium
1034 1513 1323 1558 detulerunt:
1368 1513 1491 1572 quod
1533 1518 1588 1558 ut

178 1589 247 1633 illi
293 1590 532 1648 proprium
570 1604 623 1634 ac
655 1594 930 1648 perpetuum
967 1589 1039 1644 sit,
1079 1589 1296 1644 Quirites,
1331 1604 1436 1633 cum
1473 1604 1588 1634 com-

180 1665 334 1708 munis
357 1664 521 1708 salutis
542 1669 682 1723 atque
704 1664 898 1722 imperii,
924 1668 1026 1707 tum
1048 1664 1194 1722 ipsius
1214 1663 1415 1708 hominis
1436 1679 1584 1722 causa,

180 1741 317 1785 sicuti
340 1740 503 1795 facitis,
531 1740 647 1784 velle
669 1745 717 1784 et
739 1745 900 1798 optare
924 1740 1111 1784 debetis.

99 1825 156 1868 49
276 1817 429 1870 Quare
452 1832 556 1861 cum
580 1821 627 1860 et
647 1816 820 1860 bellum
843 1816 904 1859 sit
921 1816 988 1859 ita
1003 1816 1324 1871 necessarium,
1340 1820 1395 1860 ut
1410 1815 1590 1875 neglegi

181 1909 274 1938 non
297 1893 454 1952 possit,
479 1893 547 1936 ita
576 1907 807 1951 magnum,
833 1897 886 1935 ut
917 1892 1257 1936 accuratissime
1289 1892 1351 1936 sit
1375 1891 1590 1936 adminis-

183 1970 414 2025 trandum,
440 1974 487 2013 et
509 1984 613 2013 cum
638 1969 680 2012 ei
703 1969 1026 2027 imperatorem
1051 1968 1296 2026 praeficere
1317 1968 1515 2026 possitis,
1537 1968 1589 2012 in

183 2060 272 2103 quo
306 2045 367 2089 sit
400 2045 570 2088 eximia
602 2044 711 2087 belli
744 2044 948 2098 scientia,
974 2045 1221 2102 singularis
1254 2046 1416 2101 virtus,
1441 2046 1590 2090 claris-
1636 2045 1641 2050 ’

182 2122 298 2165 sima
335 2122 598 2176 auctoritas,
636 2121 819 2180 egregia
853 2121 1057 2175 fortuna,
1093 2121 1332 2177 dubitatis,
1371 2121 1588 2176 Quirites,

183 2197 296 2255 quin
318 2197 404 2241 hoc
425 2201 612 2241 tantum
637 2197 758 2252 boni,
779 2197 903 2255 quod
927 2197 1057 2240 vobis
1079 2197 1137 2240 ab
1161 2197 1232 2241 dis
1253 2197 1591 2242 immortalibus

183 2273 390 2316 oblatum
414 2277 462 2316 et
483 2273 645 2316 datum
670 2277 752 2328 est,
777 2273 828 2316 in
851 2288 947 2316 rem
976 2273 1208 2331 publicam
1231 2273 1590 2319 conservandam

107 2353 161 2396 50
182 2353 323 2407 atque
376 2348 747 2406 amplificandam
802 2348 1079 2392 conferatis?
1164 2349 1334 2393 XVII.
1417 2348 1592 2403 Quodsi

186 2424 360 2468 Romae
405 2424 485 2468 Cn.
534 2423 782 2482 Pompeius
826 2423 1038 2481 privatus
1082 2428 1202 2467 esset
1243 2423 1329 2468 hoc
1371 2428 1588 2483 tempore,

187 2504 343 2543 tamen
367 2499 426 2542 ad
448 2504 634 2543 tantum
660 2499 833 2543 bellum
856 2500 896 2543 is
919 2504 1019 2543 erat
1035 2499 1306 2558 deligendus
1326 2504 1467 2558 atque
1487 2501 1591 2544 mit-

183 2574 372 2619 tendus:
407 2590 543 2629 nunc,
569 2590 672 2618 cum
702 2575 762 2618 ad
792 2580 966 2619 ceteras
996 2590 1199 2619 summas
1231 2575 1460 2619 utilitates
1481 2576 1592 2621 haec

184 2664 366 2711 quoque
399 2650 724 2708 opportunitas
756 2650 1050 2708 adiungatur,
1075 2653 1130 2693 ut
1162 2649 1212 2693 in
1244 2649 1303 2694 iis
1334 2650 1447 2709 ipsis
1479 2652 1590 2699 locis
