1702 2826
378 170 471 213 DE
512 168 803 213 IMPERIO
849 168 944 214 GN.
992 170 1265 218 POMPEI.
1461 175 1515 217 21

122 290 256 346 adsit,
275 295 330 334 ut
350 290 518 334 habeat
535 290 799 345 exercitum,
816 294 871 333 ut
891 290 949 334 ab
963 290 1021 334 iis
1038 291 1118 349 qui
1130 291 1304 336 habent
1319 292 1522 351 accipere

122 366 281 411 statim
302 366 459 425 possit,
483 366 596 425 quid
619 366 958 424 exspectamus?
989 370 1072 410 aut
1094 381 1176 410 cur
1203 382 1298 411 non
1330 367 1523 412 ducibus

123 444 194 489 dis
214 442 551 488 immortalibus
573 442 732 496 eidem,
758 442 832 485 cui
858 446 1009 486 cetera
1039 456 1219 486 summa
1248 458 1350 486 cum
1373 443 1522 487 salute

124 520 190 564 rei
211 519 419 578 publicae
440 518 679 563 commissa
701 521 823 573 sunt,
839 517 926 562 hoc
947 532 1129 576 quoque
1150 518 1322 562 bellum
1346 519 1521 577 regium

123 594 486 639 committamus?

215 670 287 714 At
307 671 430 714 enim
449 670 522 713 vir
543 669 833 724 clarissimus,
849 670 1192 714 amantissimus
1214 671 1281 714 rei
1297 671 1518 729 publicae,
1545 678 1598 722 51

125 745 289 790 vestris
329 745 562 789 beneficiis
603 745 897 803 amplissimis
945 744 1166 800 adfectus,
1214 745 1265 799 Q.
1314 747 1519 803 Catulus,

122 822 324 880 itemque
346 822 536 866 summis
557 822 840 865 ornamentis
860 821 1059 877 honoris,
1075 821 1302 878 fortunae,
1320 824 1520 878 virtutis,

122 898 296 956 nigenii
327 898 574 956 praeditus
608 897 660 950 Q.
690 897 985 952 Hortensius,
1017 898 1075 942 ab
1107 898 1193 942 hac
1225 898 1403 941 ratione
1436 897 1522 942 dis-

122 974 353 1019 sentiunt:
387 989 584 1032 quorum
618 989 699 1032 ego
732 974 1056 1018 auctoritatem
1090 974 1214 1032 apud
1247 989 1329 1018 vos
1362 974 1521 1018 multis

122 1049 234 1093 locis
264 1049 515 1107 plurimum
547 1049 746 1093 valuisse
777 1053 826 1093 et
860 1049 1012 1093 valere
1046 1055 1256 1108 oportere
1289 1050 1518 1104 confiteor,

124 1125 204 1169 sed
224 1125 275 1168 in
295 1124 380 1168 hac
401 1139 549 1178 causa,
574 1124 760 1167 tametsi
790 1125 1068 1183 cognoscetis
1096 1126 1396 1170 auctoritates
1422 1140 1522 1170 con-

126 1199 295 1243 trarias
317 1200 521 1243 virorum
543 1199 898 1244 fortissimorum
915 1206 962 1244 et
983 1201 1350 1256 clarissimorum,
1367 1207 1522 1245 tamen

124 1275 302 1320 omissis
322 1276 677 1320 auctoritatibus
698 1277 799 1334 ipsa
821 1292 870 1320 re
892 1293 944 1320 ac
962 1277 1141 1321 ratione
1164 1279 1404 1336 exquirere
1426 1293 1523 1336 pos-

124 1366 282 1396 sumus
314 1351 569 1406 veritatem,
602 1357 740 1410 atque
773 1352 858 1396 hoc
889 1352 1082 1407 facilius,
1115 1354 1237 1411 quod
1270 1369 1323 1398 ea
1356 1354 1521 1409 omnia,

0 1418 384 1489 We
405 1428 555 1471 adhuc
577 1428 700 1471 dicta
735 1433 857 1483 sunt,
883 1429 1031 1473 eidem
1060 1429 1140 1473 isti
1166 1446 1276 1474 vera
1302 1445 1398 1474 esse
1424 1446 1524 1475 con-

126 1503 306 1558 cedunt,
332 1508 379 1547 et
407 1504 713 1547 necessarium
742 1504 913 1548 bellum
948 1520 1044 1550 esse
1072 1511 1120 1550 et
1144 1522 1363 1564 magnum
1395 1511 1443 1551 et
1474 1507 1524 1551 in

126 1594 218 1623 uno
241 1578 321 1623 On.
343 1579 562 1637 Pompeio
588 1594 766 1623 summa
789 1595 884 1624 esse
907 1581 1071 1625 omnia.
1142 1581 1264 1635 Quid
1286 1582 1430 1640 igitur
1455 1583 1523 1627 ait
1546 1589 1600 1632 52

126 1656 436 1700 Hortensius?
521 1655 570 1699 Si
613 1656 696 1699 uni
739 1656 894 1700 omnia
936 1658 1183 1702 tribuenda
1225 1659 1331 1713 sint,
1378 1675 1520 1703 unum

125 1729 443 1788 dignissimum
486 1744 582 1773 esse
625 1718 908 1788 Pompeium,
955 1732 1034 1775 sed
1077 1733 1135 1776 ad
1178 1748 1323 1777 unum
1366 1719 1522 1778 tamen

125 1806 279 1850 omnia
301 1805 470 1849 deferri
491 1820 585 1849 11011
607 1811 827 1864 oportere.
876 1808 1114 1852 Obsolevit
1135 1809 1227 1853 iam
1248 1810 1339 1854 ista
1360 1811 1520 1866 oratio,

126 1899 174 1927 re
195 1883 343 1927 multo
365 1883 510 1941 magis
532 1898 670 1940 quam
695 1885 846 1927 verbis
879 1885 1093 1929 refutata.
1163 1885 1287 1929 Nam
1309 1891 1363 1930 tu
1385 1887 1520 1940 idem,

0 1986 39 2019 χ
127 1958 179 2011 Q.
205 1956 444 2010 Hortensi,
468 1957 616 2000 multa
638 1973 720 2016 pro
743 1963 826 2002 tua
858 1974 1037 2002 summa
1066 1960 1195 2017 copia
1220 1975 1272 2004 ac
1301 1960 1522 2019 singulari

125 2033 345 2077 facultate
378 2032 558 2076 dicendi
592 2038 638 2077 et
670 2035 720 2077 in
758 2040 923 2078 senatu
961 2040 1122 2078 contra
1156 2035 1307 2078 virum
1340 2035 1520 2088 fortem,

127 2112 183 2154 A.
221 2110 482 2167 Gabinium,
517 2112 720 2171 graviter
751 2116 1003 2169 ornateque
1036 2111 1209 2166 dixisti,
1245 2127 1347 2155 cum
1386 2112 1425 2156 is
1467 2112 1523 2156 de

125 2200 218 2229 uno
242 2185 517 2244 imperatore
546 2191 706 2230 contra
738 2186 990 2244 praedones
1022 2186 1344 2230 constituendo
1377 2186 1522 2245 legem

125 2260 468 2318 promulgasset,
488 2265 535 2304 et
551 2276 609 2304 ex
630 2261 715 2304 hoc
737 2261 836 2318 ipso
858 2260 956 2303 loco
978 2259 1208 2317 permulta
1229 2260 1340 2303 item
1363 2265 1523 2304 contra

126 2351 226 2379 eam
259 2336 403 2394 legem
436 2337 576 2380 verba
618 2337 779 2380 fecisti.
849 2336 995 2389 Qujd‘e
1042 2340 1156 2390 tum,
1191 2351 1273 2394 per
1305 2336 1412 2380 deos
1444 2337 1524 2380 im-
1545 2339 1600 2383 53

126 2412 352 2467 mortales,
379 2413 416 2456 si
440 2413 542 2470 plus
569 2413 692 2470 apud
725 2412 947 2470 populum
979 2411 1242 2455 Romanum
1273 2412 1525 2456 auctoritas

125 2493 208 2532 tua
239 2503 377 2546 quam
408 2489 553 2547 ipsius
586 2489 745 2547 populi
779 2488 979 2532 Romani
1012 2488 1135 2531 salus
1168 2493 1215 2532 et
1248 2503 1356 2532 vera
1390 2504 1525 2532 causa

127 2563 356 2618 valuisset,
390 2561 526 2608 ho'die
557 2564 676 2608 hanc
707 2563 899 2622 gloriam
931 2568 1071 2621 atque
1102 2563 1188 2607 1100
1220 2564 1342 2608 orbis
1374 2569 1524 2608 terrae

125 2639 368 2698 imperium
390 2640 674 2682 teneremus‘l
738 2641 818 2682 An
832 2639 919 2682 tibi
937 2644 1037 2682 tum
1060 2639 1304 2697 imperium
1321 2640 1407 2684 1100
1428 2655 1524 2685 esse
