1702 2826
414 139 509 183 DE
549 138 836 183 IMPERIO
882 138 980 183 GN.
1028 137 1293 183 POMPEI.
1496 139 1550 183 15

153 277 201 307 se
232 262 283 305 in
315 260 502 305 Italiam
536 259 791 317 recepisset,
826 257 1005 301 duabus
1037 257 1281 315 Hispaniis
1318 260 1366 300 et
1401 255 1550 300 Gallia

152 336 438 395 transalpina
479 333 719 393 praesidiis
760 347 813 377 ac
849 332 1046 376 navibus
1080 332 1359 387 confirmata,
1401 330 1551 375 missis

151 413 263 457 item
285 413 335 457 in
357 427 484 457 oram
506 411 683 470 Illyrici
705 410 845 454 maris
867 414 915 454 et
940 409 989 453 in
1020 408 1247 453 Achaiam
1277 423 1550 467 omnemque

152 489 389 534 Graeciam
411 487 608 532 navibus
629 487 797 531 Italiae
819 486 911 530 duo
928 486 1074 529 maria
1096 484 1309 528 maximis
1332 484 1551 528 classibus

150 565 511 622 firmissimisque
554 563 795 622 praesidiis
839 562 1096 616 adornavit,
1142 561 1238 619 ipse
1281 565 1450 614 autem,
1496 565 1550 604 ut

150 641 398 686 Brundisio
420 640 654 699 profectus
675 644 756 694 est,
782 637 1283 696 undequinquagesimo
1306 637 1380 680 die
1401 641 1548 680 totam

147 715 206 760 ad
227 716 472 774 imperium
494 714 652 773 populi
668 713 868 757 Romani
883 712 1090 756 Ciliciam
1105 710 1341 755 adiunxit:
1377 725 1545 764 omnes,

147 792 226 851 qui
249 792 419 850 ubique
447 790 700 849 praedones
722 788 924 842 fuerunt,
950 787 1119 846 partim
1146 786 1267 845 capti
1299 785 1548 830 interfecti-

147 882 235 926 que
267 872 389 922 sunt,
424 866 594 925 partim
621 865 760 909 unius
788 864 926 907 huius
952 878 999 907 se
1025 863 1216 921 imperio
1246 877 1299 905 ac
1326 861 1546 919 potestati

146 944 432 989 dediderunt.
504 942 635 986 Idem
661 940 969 994 CretensibuS‚
995 954 1098 983 cum
1121 939 1179 982 ad
1203 953 1306 982 eum
1330 952 1474 995 usque
1496 937 1545 980 in

146 1019 466 1078 Pamphyliam
499 1018 673 1075 legatos
705 1016 1110 1074 deprecatoresque
1143 1015 1385 1069 misissent,
1419 1030 1543 1073 spem

145 1096 391 1140 deditionis
411 1110 506 1139 non
527 1093 700 1138 ademit
722 1092 990 1150 obsidesque
1019 1091 1276 1149 imperavit.
1345 1091 1423 1134 Ita
1446 1097 1541 1135 tan-

143 1177 243 1217 tum
275 1171 460 1226 bellum,
490 1175 586 1214 tam
621 1170 905 1223 diuturnum,
940 1173 1036 1211 tam
1075 1167 1209 1226 longe
1241 1168 1424 1226 lateque
1458 1168 1544 1212 dis-

143 1263 338 1307 persum,
358 1262 449 1306 quo
470 1247 590 1290 bello
613 1260 770 1290 omnes
790 1249 950 1303 gentes
971 1259 1024 1288 ac
1046 1245 1257 1288 nationes
1278 1244 1542 1302 premeban-

142 1328 232 1379 tur,
262 1322 343 1367 On.
373 1321 620 1380 Pompeius
648 1325 854 1365 extrema
888 1319 1038 1364 hieme
1063 1319 1319 1377 adparavit,
1351 1319 1542 1363 ineunte

143 1413 248 1443 vere
269 1397 480 1456 suscepit,
505 1396 655 1441 media
677 1400 852 1440 aestate
874 1395 1082 1440 confecit.

235 1474 383 1518 XIII.
452 1473 538 1517 Est
569 1472 681 1516 haec
712 1471 872 1516 divina
903 1476 1044 1530 atque
1075 1471 1357 1515 incredibilis
1391 1471 1541 1515 virtus
1565 1476 1620 1519 36

140 1551 462 1610 imperatoris:
513 1549 655 1608 quid?
702 1553 890 1604 ceterae,
938 1563 1050 1607 quas
1093 1547 1230 1606 paulo
1273 1552 1382 1591 ante
1425 1562 1539 1592 com-

139 1641 391 1670 memorare
413 1639 660 1683 coeperam,
677 1628 878 1683 quantae
900 1628 1038 1682 atque
1053 1637 1189 1681 quam
1212 1622 1386 1666 multae
1409 1626 1539 1668 sunt!

139 1700 251 1746 Non
273 1701 394 1744 enim
417 1699 619 1744 bellandi
642 1696 792 1743 virtus
814 1698 962 1743 solum
983 1698 1033 1741 in
1063 1712 1240 1741 summo
1263 1712 1315 1741 ac
1336 1697 1540 1755 perfecto

138 1777 414 1836 imperatore
459 1775 719 1835 quaerenda
768 1779 849 1830 est,
896 1774 974 1818 sed
1028 1773 1201 1817 multae
1255 1778 1362 1816 sunt
1418 1778 1541 1817 artes

139 1851 332 1895 eximiae
376 1850 513 1894 huius
555 1849 852 1893 administrae
887 1849 1164 1907 comitesque
1199 1848 1398 1892 virtutis.
1468 1850 1539 1892 Ac

138 1926 338 1984 primum
373 1930 547 1984 quanta
582 1925 847 1969 innocentia
886 1924 1055 1968 debent
1088 1939 1184 1968 esse
1214 1924 1538 1982 imperatores!

139 2006 313 2061 quanta
334 2002 499 2046 deinde
519 2002 570 2045 in
592 2001 804 2045 omnibus
834 2001 969 2044 rebus
998 1999 1331 2058 temperantia!
1365 2005 1539 2058 quanta

137 2076 239 2133 fide,
265 2081 439 2136 quanta
460 2076 696 2130 facilitate,
722 2079 896 2134 quanto
918 2074 1117 2132 ingenio,
1135 2078 1308 2132 quanta
1331 2073 1538 2117 humani-

138 2154 255 2197 tate!
289 2168 406 2212 quae
437 2153 639 2196 breviter
673 2152 826 2210 qualia
859 2151 952 2194 sint
984 2151 1034 2194 in
1069 2150 1149 2195 On.
1184 2150 1402 2209 Pompeio
1437 2166 1536 2195 con-

138 2227 407 2283 sideremus;
440 2242 618 2271 summa
644 2228 764 2270 enim
797 2226 951 2270 omnia
984 2230 1105 2280 sunt,
1133 2225 1349 2280 Quirites,
1374 2225 1452 2269 sed
1483 2241 1536 2270 ea

138 2303 281 2360 magis
324 2317 382 2346 ex
424 2302 618 2345 aliorum
663 2301 957 2346 contentione
1002 2315 1139 2358 quam
1183 2300 1283 2358 ipsa
1319 2315 1401 2359 per
1438 2316 1535 2345 sese

137 2377 343 2434 cognosci
366 2382 504 2435 atque
526 2376 732 2434 intellegi
755 2380 960 2434 possunt.
1030 2375 1176 2428 Quem
1200 2375 1322 2419 enim
1345 2375 1533 2434 impera-
1555 2385 1610 2429 37

87 2470 90 2472 ’
136 2458 283 2498 torem
326 2468 566 2512 possumus
609 2453 704 2497 ullo
757 2453 806 2496 in
850 2466 1040 2495 numero
1091 2456 1267 2509 putare,
1314 2452 1443 2495 cuius
1485 2452 1534 2495 in

137 2530 339 2573 exercitu
375 2530 660 2573 centuriatus
695 2532 895 2572 veneant
937 2534 1077 2586 atque
1119 2527 1378 2571 venierint'l
1424 2528 1533 2586 quid

138 2603 259 2650 hunc
300 2605 531 2649 hominem
567 2620 783 2664 magnum
818 2609 900 2648 aut
934 2603 1139 2662 amplum
1178 2603 1234 2648 de
1268 2618 1318 2647 re
1351 2603 1534 2662 publica
