1702 2826
145 121 172 166 S
397 122 491 165 DE
537 122 826 168 IMPERIO
872 123 970 169 GN.
1021 123 1287 171 POMPEI.

143 260 293 304 neque
335 246 455 289 enim
503 246 647 290 isdem
692 246 948 290 redimendi
993 246 1188 290 facultas
1232 248 1322 291 erit
1363 253 1552 308 propter

145 321 455 365 calamitatem
498 337 646 380 neque
689 322 793 366 aliis
836 323 1053 367 voluntas
1096 328 1285 382 propter
1322 324 1546 371 timorem.

64 397 118 441 19
146 397 340 453 Deinde,
366 399 488 457 quod
519 414 602 443 nos
625 399 783 443 eadem
806 399 923 444 Asia
953 405 1093 459 atque
1115 401 1237 444 idem
1258 401 1347 446 iste
1369 401 1552 446 Mithri·
1587 444 1590 447 .

145 473 276 518 dates
318 474 456 518 initio
499 475 609 519 belli
652 476 852 519 Asiatici
897 476 1065 531 docuit,
1111 477 1159 520 id
1202 476 1388 536 quidem
1430 483 1552 523 certe

145 549 407 593 calamitate
451 549 573 592 docti
618 550 838 594 memoria
881 551 1080 594 retinere
1131 550 1359 596 debemus
1427 551 1550 598 Nam

144 631 258 680 tum,
306 641 408 670 cum
448 626 498 668 in
536 626 655 669 Asia
695 641 766 670 res
805 642 994 684 magnas
1032 627 1249 685 permulti
1287 628 1549 683 amiserant,

146 704 314 747 scimus
357 704 534 747 Romae
579 704 809 748 solutione
846 704 1071 762 impedita
1114 704 1251 748 fidem
1289 705 1548 749 concidisse.

147 778 257 823 Non
281 779 404 822 enim
418 783 613 837 possunt
629 794 724 822 una
738 780 787 822 in
802 780 992 823 civitate
1009 780 1146 823 multi
1160 795 1256 824 rem
1273 795 1325 824 ac
1342 780 1553 825 fortunas

147 855 372 910 amittere,
412 860 466 899 ut
509 870 604 899 non
648 855 803 914 plures
847 870 998 899 secum
1043 855 1092 898 in
1129 856 1320 900 eandem
1364 856 1553 901 trahant

146 930 467 974 calamitatem.
535 931 583 973 A
606 946 696 989 quo
714 931 916 988 periculo
939 931 1177 988 prohibete
1195 947 1291 975 rem
1305 932 1546 990 publicam,

147 1012 194 1051 et
215 1006 331 1051 mihi
364 1007 546 1063 credite,
572 1007 620 1050 id
648 1007 770 1066 quod
799 1007 887 1065 ipsi
920 1007 1106 1053 videtis:
1140 1007 1251 1051 haec
1277 1008 1389 1052 fides
1414 1013 1553 1068 atque

147 1084 259 1128 haec
302 1084 421 1127 ratio
464 1083 775 1141 pecuniarum,
823 1098 939 1141 quae
975 1082 1165 1140 Romae,
1205 1098 1323 1142 quae
1365 1084 1415 1127 in
1445 1083 1552 1132 ,foro

153 1165 373 1212 versatur,
409 1158 645 1216 implicata
675 1163 745 1201 est
768 1173 870 1201 cum
899 1157 991 1201 illis
1020 1158 1227 1216 pecuniis
1261 1159 1478 1203 Asiaticis
1506 1165 1554 1203 et

149 1234 388 1288 cohaeret3
422 1249 556 1277 ruere
584 1233 665 1277 illa
694 1248 788 1276 non
819 1237 1024 1291 possunt,
1058 1238 1112 1276 ut
1141 1233 1252 1277 haec
1278 1249 1372 1278 non
1395 1234 1552 1278 eodem

148 1310 376 1354 labefacta
398 1315 527 1353 motu
551 1309 805 1353 concidant.
856 1309 1009 1362 Quare
1031 1310 1185 1354 videte
1207 1325 1319 1354 num
1343 1311 1553 1355 dubitan-

150 1386 261 1430 dum
292 1386 422 1430 vobis
444 1387 505 1430 sit
527 1386 654 1430 omni
677 1386 832 1429 studio
855 1386 914 1429 ad
937 1386 985 1429 id
1009 1370 1180 1429 bellum
1203 1387 1479 1443 incumbere,
1503 1388 1553 1432 in

149 1478 239 1522 quo
272 1463 418 1521 gloria
449 1462 650 1507 nominis
683 1463 839 1518 vestri,
874 1463 998 1507 salus
1040 1464 1278 1519 sociorum,
1313 1465 1555 1523 vectigalia

151 1539 364 1592 maxima,
389 1537 606 1581 fortunae
634 1537 938 1595 plurimorum
965 1538 1135 1581 civium
1158 1539 1429 1584 coniunctae
1451 1555 1550 1584 cum

84 1649 92 1656 ,.
151 1629 201 1658 re
222 1614 406 1673 publica
429 1613 750 1657 defendantur.

70 1698 125 1742 20
245 1690 392 1735 VIII.
462 1690 691 1743 Quoniam
736 1691 793 1734 de
835 1706 1001 1749 genere
1044 1692 1152 1735 belli
1188 1692 1299 1746 dixi,
1337 1707 1461 1737 nunc
1498 1693 1554 1737 de

151 1767 472 1826 magnitudine
489 1783 635 1826 pauca
657 1767 818 1812 dicam.
887 1767 1050 1812 Potest
1071 1769 1193 1822 enim
1217 1769 1302 1812 hoc
1324 1769 1426 1824 dici,
1445 1770 1552 1814 belli

149 1859 295 1902 genus
327 1858 424 1887 esse
452 1844 520 1887 ita
548 1844 867 1898 necessarium,
892 1849 947 1888 ut
969 1844 1030 1888 sit
1051 1846 1315 1903 gerendum,
1342 1861 1437 1890 non
1459 1861 1555 1890 esse

149 1921 218 1964 ita
239 1925 550 1979 magnum‚·ut
573 1921 634 1963 sit
666 1921 1091 1978 pertimescendum.
1161 1922 1220 1965 In
1244 1937 1334 1980 quo
1356 1922 1555 1967 maxime

149 1997 454 2041 laborandum
477 2002 558 2052 est,
584 2012 643 2040 ne
672 1996 792 2040 forte
816 2012 869 2039 ea
891 1996 1033 2050 Vobis,
1061 2012 1177 2055 quae
1207 1997 1555 2056 diligentissime

149 2073 434 2131 providenda
456 2077 578 2127 sunt,
598 2071 933 2116 contemnenda
956 2087 1051 2115 esse
1070 2073 1326 2123 videantur.
1396 2073 1554 2132 Atque

149 2154 203 2193 ut
225 2164 383 2193 omnes
405 2149 679 2206 intellegant
707 2164 780 2192 me
803 2148 854 2192 L.
882 2148 1077 2192 Lucullo
1106 2154 1291 2192 tantum
1320 2149 1556 2206 impertire

149 2224 311 2279 laudis,
329 2229 554 2282 quantum
581 2224 692 2268 forti
715 2225 815 2268 viro
831 2228 878 2267 et
901 2224 1100 2282 sapienti
1122 2224 1298 2268 homini
1322 2229 1368 2268 et
1390 2240 1555 2284 magno

148 2299 416 2357 imperatori
471 2298 702 2355 debeatur,
766 2298 866 2342 dico
921 2298 1019 2342 eius
1072 2298 1277 2342 adventu
1331 2299 1555 2344 maximas

150 2374 443 2418 Mithridatis
478 2375 632 2433 copias
669 2375 884 2419 omnibus
921 2376 1058 2418 rebus
1093 2379 1279 2419 ornatas
1313 2380 1453 2433 atque
1488 2375 1556 2419 in-

151 2454 351 2494 structas
379 2449 521 2494 fuisse
547 2450 800 2508 urbemque
834 2449 978 2493 Asiae
1004 2450 1302 2494 clarissimam
1333 2449 1556 2509 nobisque

151 2525 486 2579 amicissimam,
513 2524 855 2583 Cyzicenorum,
880 2525 1108 2568 obsessam
1132 2540 1228 2570 esse
1249 2526 1308 2568 ab
1330 2525 1428 2583 ipso
1451 2541 1556 2585 rege

152 2602 354 2647 maxima
386 2601 688 2645 multitudine
718 2607 764 2644 et
795 2606 1109 2658 oppugnatam
1139 2601 1553 2659 vehementissime,
