1702 2826
225 146 282 190 26
481 147 575 190 DE
615 146 905 191 IMPERIO
953 145 1049 192 GN.
1097 147 1368 194 POMPEI.

222 279 360 323 eques
413 265 654 310 Romanus
708 281 767 310 ex
809 271 997 311 senatus
1040 266 1248 311 consulto
1293 267 1626 326 triumpharem

223 340 352 393 Quae
383 340 434 384 in
460 342 673 386 omnibus
701 342 966 386 hominibus
994 357 1115 386 nova
1140 347 1245 402 post
1268 343 1507 387 hominum
1535 358 1624 389 me-

221 416 414 461 moriam
436 417 691 462 constituta
719 422 842 473 sunt,
867 433 921 462 ea
943 424 1039 462 tam
1062 418 1210 462 multa
1237 433 1332 463 non
1354 422 1466 462 sunt
1485 433 1624 482 quam

141 492 198 536 63
220 491 343 548 haec,
369 509 486 552 quae
514 494 564 537 in
593 493 679 538 hoc
705 509 797 538 uno
827 494 1012 539 homine
1045 495 1265 540 videmus.
1331 496 1492 556 Atque
1513 496 1625 542 haec
1669 514 1677 523 ·

221 571 293 612 tot
336 568 559 627 exempla,
604 573 739 613 tanta
781 585 834 613 ac
865 575 962 613 tam
995 586 1128 625 nova,
1174 567 1380 629 profecta
1422 576 1533 616 sunt
1573 572 1623 616 in

220 643 417 688 eundem
459 644 693 689 hominem
736 661 765 690 a
809 646 862 700 Q.
911 645 1067 690 Catuli
1115 651 1255 705 atque
1297 663 1326 691 a
1367 651 1622 692 ceterorum

220 720 423 765 eiusdem
466 721 708 780 dignitatis
761 722 1146 780 amplissimorum
1190 723 1425 768 hominum
1470 729 1622 769 aucto-

221 796 370 841 ritate.

314 872 485 917 XXII.
557 873 709 926 Quare
737 873 938 929 videant,
964 889 1022 918 ne
1053 875 1115 918 sit
1140 875 1432 934 periniquum
1459 882 1507 922 et
1528 893 1622 923 non

220 948 472 1004 ferendum,
498 949 684 994 illorum
705 951 1031 995 auctoritatem
1061 951 1117 996 de
1151 951 1233 996 Cn.
1260 952 1451 1012 Pompei
1477 954 1622 1013 digni-

219 1027 316 1068 tate
337 1040 365 1068 a
388 1025 517 1069 vobis
540 1025 880 1084 comprobatam
894 1041 1073 1085 semper
1094 1042 1202 1082 esse,
1225 1032 1428 1072 vestrum
1449 1030 1508 1074 ab
1530 1030 1622 1075 illis

218 1099 275 1144 de
297 1100 455 1146 eodem
477 1100 662 1145 homine
683 1101 905 1146 iudicium
935 1103 1184 1162 populique
1207 1104 1408 1148 Romani
1429 1107 1621 1151 auctori-

216 1178 361 1220 tatem
384 1175 646 1234 improbari,
664 1177 933 1235 praesertim
957 1192 1060 1220 cum
1082 1177 1174 1221 iam
1197 1193 1279 1221 suo
1302 1178 1402 1223 iure
1423 1180 1621 1238 populus

217 1250 457 1296 Romanus
477 1252 528 1295 in
550 1251 636 1297 hoc
658 1252 842 1296 homine
866 1268 996 1296 suam
1018 1253 1342 1297 auctoritatem
1365 1254 1438 1298 vel
1460 1260 1620 1300 contra

216 1342 373 1373 omnes
387 1328 467 1387 qui
489 1328 772 1374 dissentiunt
788 1329 933 1388 possit
955 1328 1213 1384 defendere,
1233 1335 1475 1389 propterea
1497 1333 1619 1391 quod

214 1404 359 1448 isdem
389 1404 491 1449 istis
513 1404 869 1449 reclamantibus
891 1419 972 1448 vos
996 1420 1140 1448 unum
1172 1405 1302 1448 illum
1327 1421 1384 1449 ex
1407 1407 1619 1451 omnibus

135 1475 194 1520 64
215 1480 459 1540 delegistis,
477 1496 614 1540 quem
636 1481 757 1526 bello
786 1480 1069 1540 praedonum
1091 1481 1444 1540 praeponeretis.
1512 1482 1618 1527 Hoc

214 1556 253 1601 si
276 1571 357 1601 vos
379 1561 551 1601 temere
568 1556 743 1601 fecistis
757 1561 804 1600 et
818 1556 884 1600 rei
902 1555 1112 1614 publicae
1127 1571 1291 1614 parum
1305 1556 1611 1615 consuluistis,

214 1636 336 1677 recte
358 1632 438 1676 isti
460 1632 616 1677 studia
638 1637 793 1676 vestra
815 1631 910 1676 suis
943 1631 1145 1675 consiliis
1175 1645 1330 1690 regere
1359 1636 1614 1678 conantur:

213 1709 286 1753 sin
311 1713 467 1754 autem
501 1724 583 1754 vos
611 1709 717 1768 plus
743 1713 844 1752 tum
873 1708 923 1752 in
946 1724 994 1752 re
1017 1708 1200 1767 publica
1221 1707 1416 1762 vidistis,
1440 1723 1522 1752 vos
1542 1708 1616 1753 his

213 1787 578 1845 repugnantibus
613 1802 695 1845 per
728 1789 905 1830 vosmet
942 1785 1065 1843 ipsos
1098 1784 1371 1842 dignitatem
1400 1783 1507 1828 huic
1534 1784 1615 1828 im-

211 1860 351 1919 perio,
376 1860 572 1905 salutem
600 1860 701 1904 orbi
733 1865 962 1903 terrarum
994 1858 1231 1913 attulistis,
1255 1858 1504 1917 aliquando
1534 1859 1614 1904 isti

211 1938 442 1997 principes
484 1941 532 1982 et
574 1937 661 1981 sibi
700 1941 748 1980 et
781 1935 945 1980 ceteris
979 1934 1139 1993 populi
1174 1933 1374 1978 Romani
1409 1934 1613 1979 universi

210 2012 478 2056 auctoritati
500 2012 756 2071 parendum
779 2025 875 2055 esse
891 2009 1146 2054 fateantur.

303 2088 464 2147 Atque
498 2088 550 2131 in
581 2087 668 2132 hoc
699 2086 819 2131 bello
851 2085 1061 2130 Asiatico
1094 2090 1141 2129 et
1174 2085 1298 2143 regio
1334 2100 1430 2130 non
1462 2085 1609 2131 solum

209 2163 424 2208 militaris
445 2164 527 2208 illa
543 2163 706 2221 virtus,
728 2177 844 2222 quae
867 2166 937 2206 est
949 2162 1000 2205 in
1015 2161 1096 2205 On.
1114 2160 1335 2219 Pompeio
1351 2160 1608 2220 singularis,

208 2239 288 2283 sed
330 2239 448 2283 aliae
482 2254 664 2298 quoque
699 2238 898 2282 virtutes
935 2236 1079 2281 animi
1121 2251 1314 2295 magnae
1347 2240 1396 2280 et
1436 2236 1610 2282 multae

209 2314 520 2374 requiruntur.
609 2314 807 2359 Difficile
861 2318 931 2358 est
982 2314 1033 2357 in
1081 2313 1211 2369 Asia,
1259 2312 1432 2370 Officia,
1476 2313 1610 2372 Syria

207 2391 449 2451 regnisque
490 2391 765 2436 interiorum
802 2389 1046 2434 nationum
1087 2389 1155 2433 ita
1189 2389 1363 2434 versari
1397 2394 1607 2434 nostrum

206 2467 542 2526 imperatorem,
566 2473 621 2512 ut
649 2467 767 2512 nihil
795 2466 922 2511 aliud
954 2465 1045 2510 nisi
1075 2465 1131 2509 de
1157 2465 1288 2509 hoste
1319 2479 1372 2509 ac
1393 2463 1450 2508 de
1471 2464 1606 2509 laude

207 2543 388 2602 cogitet.
455 2543 638 2588 Deinde
667 2543 809 2587 etiam
837 2542 877 2587 si
910 2542 990 2600 qui
1011 2546 1122 2585 sunt
1155 2541 1329 2599 pudore
1356 2555 1410 2585 ac
1437 2545 1606 2598 tempe-

209 2618 358 2664 rantia
381 2619 720 2675 moderatiores,
740 2624 897 2664 tamen
914 2633 990 2664 eos
1007 2633 1104 2663 esse
1116 2618 1233 2662 tales
1246 2621 1434 2676 propter
1449 2616 1604 2662 multi-
