1702 2826
172 125 228 168 10
425 125 520 168 DE
561 123 853 170 IMPERIO
900 124 1000 170 GN.
1048 123 1314 169 POMPEI.

167 249 381 293 manibus
423 249 598 307 effugit.
683 249 761 292 Ita
802 248 935 292 illum
978 249 1029 292 in
1073 249 1376 308 persequendl
1418 249 1572 294 studio

89 329 148 374 23
167 341 358 380 maeror,
383 325 467 369 hos
499 325 680 369 laetitia
701 325 919 369 tardavit.
990 324 1133 369 Hunc
1161 326 1211 369 in
1236 325 1316 370 illo
1338 325 1504 370 timore
1525 331 1573 370 et

168 401 278 461 fuga
310 401 543 459 Tigranes,
576 416 660 445 rex
693 401 960 455 Armenius,
988 401 1169 460 excepit
1200 401 1573 461 diffidentemque

167 479 303 522 rebus
326 478 421 522 suis
443 477 736 522 confirmavit
759 482 807 520 et
828 476 1066 520 adflictum
1084 476 1234 520 erexit
1249 477 1573 536 perditumque
1603 471 1606 473 ’

167 555 403 599 recreavit.
473 554 618 598 Cuius
645 554 696 597 in
726 568 919 612 regnum
953 557 1251 611 posteaquam
1274 552 1324 596 L.
1352 552 1574 597 Lucullus

167 645 270 674 cum
293 629 500 673 exercitu
523 629 665 682 venit,
683 628 839 686 plures
861 627 1001 671 etiam
1024 630 1183 684 gentes
1200 631 1360 670 contra
1381 626 1566 685 impera

166 711 314 750 torem
358 711 568 750 nostrum
613 705 869 749 concitatae
915 708 1035 746 sunt.
1106 703 1219 746 Erat
1257 703 1379 746 enim
1422 707 1573 746 metus

167 783 363 827 iniectus
400 782 458 826 iis
492 781 771 835 nationibus,
807 795 920 839 quas
957 793 1210 838 numquam
1248 778 1445 838 populus
1483 778 1571 823 Ro-

167 875 330 903 manus
363 874 511 918 neque
541 857 825 902 lacessendas
855 856 975 900 bello
1003 870 1151 914 neque
1178 855 1471 914 temptandas
1492 870 1572 914 pu-

166 937 287 980 tavit
309 952 317 980 :
351 941 451 979 erat
481 936 622 979 etiam
656 935 747 978 alia
777 933 931 992 gravis
960 938 1101 992 atque
1127 932 1374 976 vehemens
1402 931 1569 990 opinio,
1609 943 1612 945 ’

167 1029 284 1073 quae
326 1013 505 1058 animos
549 1011 757 1071 gentium
807 1010 1108 1054 barbararum
1152 1012 1429 1067 pervaserat,
1474 1007 1572 1052 fani

167 1088 515 1148 locupletissimi
543 1092 590 1131 et
620 1086 950 1145 religiosissimi
980 1085 1229 1144 diripiendi
1259 1099 1396 1129 causa
1420 1084 1471 1127 in
1497 1098 1574 1128 eas

167 1181 269 1210 oras
291 1170 503 1209 nostrum
527 1180 624 1208 esse
646 1165 900 1208 exercitum
928 1163 1190 1207 adductum.
1259 1161 1338 1205 Ita
1362 1162 1574 1206 nationes

169 1243 341 1287 multae
374 1246 514 1300 atque
547 1256 740 1299 magnae
772 1255 893 1284 novo
927 1239 1125 1299 quodam
1157 1243 1332 1283 terrore
1361 1253 1413 1282 ac
1444 1242 1572 1282 metu

167 1318 529 1362 concitabantur.
601 1317 774 1361 Noster
787 1321 944 1360 autem
963 1315 1191 1360 exercitus
1207 1314 1394 1359 tametsi
1411 1314 1571 1358 urbem

168 1409 225 1437 ex
251 1393 462 1452 Tigranis
493 1408 634 1451 regno
664 1398 847 1452 ceperat
880 1397 927 1436 et
952 1392 1138 1451 proeliis
1166 1405 1277 1435 usus
1298 1395 1398 1436 erat
1419 1405 1573 1435 secun-

168 1470 251 1526 dis,
286 1474 443 1513 tamen
476 1469 622 1513 nimia
654 1468 995 1528 longinquitate
1027 1468 1230 1512 locorum
1263 1482 1315 1511 ac
1348 1467 1572 1511 desiderio

87 1550 147 1594 24
168 1561 355 1590 suorum
394 1545 779 1589 commovebatur.
848 1545 943 1588 Hic
974 1544 1067 1588 iam
1101 1544 1235 1602 plura
1266 1559 1360 1588 non
1393 1543 1572 1599 dicam3

169 1621 262 1665 fuit
284 1622 407 1665 enim
439 1620 557 1665 illud
589 1625 861 1675 extremum,
885 1625 940 1664 ut
967 1635 1024 1664 ex
1056 1620 1114 1663 iis
1146 1619 1256 1663 locis
1287 1635 1316 1663 a
1347 1619 1573 1664 militibus

168 1699 339 1742 nostris
361 1699 538 1742 reditus
561 1698 706 1756 magis
728 1702 939 1741 maturus
972 1712 1110 1755 quam
1141 1695 1365 1754 processio
1394 1695 1573 1754 longior

169 1780 477 1833 quaereretur.
547 1774 848 1818 Mithridates
869 1778 1025 1818 autem
1049 1778 1095 1816 et
1118 1787 1247 1816 suam
1269 1787 1459 1816 manum
1478 1771 1571 1816 iam

169 1852 473 1906 confirmarat,
494 1855 542 1895 et
564 1866 735 1906 eorum,
753 1851 831 1909 qui
855 1866 902 1894 se
924 1866 982 1894 ex
1005 1851 1104 1894 eius
1118 1865 1257 1908 regno
1280 1850 1569 1908 collegerant,

168 1932 215 1971 et
258 1928 437 1986 magnis
480 1927 753 1971 adventiciis
796 1926 984 1970 auxiliis
1027 1925 1278 1969 multorum
1324 1939 1482 1983 regum
1525 1929 1572 1968 et

167 2003 409 2047 nationum
443 2003 705 2046 iuvabatur.
774 2001 901 2044 Nam
933 2000 1019 2044 hoc
1053 1999 1150 2043 fere
1194 1999 1258 2043 sic
1293 1998 1392 2042 fieri
1427 1997 1571 2042 solere

165 2078 432 2136 accepimus,
452 2082 506 2121 ut
523 2092 683 2135 regum
700 2076 912 2120 adflictae
934 2074 1150 2119 fortunae
1163 2073 1298 2117 facile
1318 2071 1569 2116 multorum

166 2169 274 2213 opes
296 2154 517 2198 adliciant
539 2154 598 2197 ad
615 2151 973 2197 misericordiam
996 2151 1286 2208 maximeque
1300 2163 1470 2204 eorum,
1491 2149 1570 2207 qui

165 2235 248 2275 aut
264 2246 392 2288 reges
415 2235 525 2274 sunt
537 2234 620 2273 aut
643 2229 812 2272 vivunt
832 2228 883 2271 in
906 2242 1059 2285 regno,
1080 2231 1134 2270 ut
1155 2226 1213 2270 iis
1234 2239 1402 2269 nomen
1419 2224 1570 2282 regale

87 2315 142 2360 25
165 2320 383 2364 magnum
418 2310 465 2349 et
500 2309 710 2349 sanctum
748 2318 844 2347 esse
880 2301 1103 2346 videatur.
1174 2300 1341 2358 Itaque
1383 2302 1567 2342 tantum

168 2383 316 2427 victus
330 2383 503 2427 efficere
526 2382 692 2441 potuit,
713 2384 938 2439 quantum
960 2377 1204 2422 incolumis
1225 2389 1478 2434 numquam
1499 2379 1570 2418 est

167 2473 306 2501 ausus
323 2462 493 2516 optare.
533 2455 656 2501 Nam
670 2471 773 2500 cum
796 2470 844 2499 se
866 2455 916 2498 in
938 2468 1130 2512 regnum
1154 2466 1288 2495 suum
1310 2449 1565 2508 recepisset,

166 2548 261 2577 non
283 2532 375 2576 fuit
397 2548 449 2576 eo
473 2536 729 2586 contentus,
755 2530 877 2589 quod
900 2530 942 2574 ei
972 2534 1154 2587 praeter
1177 2542 1302 2586 spem
1325 2524 1564 2580 acciderat,

165 2613 220 2653 ut
260 2608 401 2663 illam,
439 2614 734 2667 posteaquam
780 2607 940 2665 pulsus
983 2611 1094 2660 erat,
1131 2609 1302 2648 terram
1346 2614 1563 2659 umquam
