1702 2826
187 156 245 197 24
444 153 539 197 DE
583 152 873 197 IMPERIO
918 150 1017 197 GN.
1066 150 1332 196 POMPEI.

186 293 334 338 neque
376 281 560 336 praeter
600 275 973 321 intercessionem
1012 274 1263 334 quidquam
1296 275 1495 331 audiam,
1535 275 1592 320 de

187 370 291 414 qua,
315 359 371 399 ut
401 355 615 408 arbitror,
639 353 721 397 isti
752 352 855 411 ipsi,
880 351 962 410 qui
993 351 1246 406 minantur,
1279 351 1419 395 etiam
1452 353 1592 410 atque

187 430 328 474 etiam
372 429 483 489 quid
520 429 657 472 liceat
694 427 1061 472 considerabunt.
1129 426 1238 470 Mea
1272 426 1458 485 quidem
1495 442 1600 472 sen--

188 506 350 562 tentia,
397 505 613 559 Quirites,
659 518 782 548 unus
824 503 882 547 A.
933 502 1159 547 Gabinius
1210 502 1321 546 belli
1370 503 1593 547 maritimi

188 595 433 640 rerumque
464 583 698 638 gestarum
731 579 812 623 Cn.
850 578 1069 636 Pompeio
1112 577 1261 621 socius
1302 577 1591 632 adscribitur,

189 661 433 716 propterea
466 655 590 714 quod
625 655 745 699 alter
781 654 864 698 uni
901 653 1018 697 illud
1049 653 1221 696 beHum
1254 652 1592 711 suscipiendum

190 731 356 776 vestris
384 731 614 790 suffragiis
644 729 827 784 detulit,
851 729 971 773 alter
1002 727 1208 772 delatum
1241 731 1593 786 susceptumque

189 808 397 853 confecit.

109 895 165 939 59
283 883 398 928 XX.
466 883 718 941 Reliquum
740 886 810 926 est
832 885 886 925 ut
908 880 965 925 de
988 880 1047 935 Q.
1073 880 1228 925 Catuli
1249 880 1525 924 auctoritate
1546 883 1593 923 et

190 960 422 1005 sententia
444 959 690 1004 dicendum
720 973 817 1002 esse
839 957 1065 1001 videatur.
1134 956 1228 1010 Qui
1257 971 1361 1001 cum
1383 970 1442 1000 ex
1463 955 1594 1001 vobis

192 1028 444 1097 q'uaereret,
470 1037 508 1080 si
531 1036 582 1079 in
615 1050 708 1079 uno
743 1034 824 1079 Cn.
851 1034 1071 1093 Pompeio
1101 1033 1256 1077 omnia
1281 1032 1528 1091 poneretis,
1553 1033 1594 1077 si

192 1115 305 1174 quid
343 1129 396 1159 eo
430 1114 605 1158 factum
644 1116 774 1167 esset,
803 1111 854 1155 in
891 1126 982 1170 quo
1017 1125 1145 1169 spem
1181 1109 1340 1154 essetis
1373 1108 1590 1164 habituri,

190 1177 319 1250 cepit·
333 1204 552 1248 magnum
574 1203 683 1233 suae
706 1186 897 1231 virtutis
917 1186 1122 1230 fructum
1145 1200 1198 1229 ac
1221 1184 1473 1243 dignitatis,
1490 1199 1594 1229 cum

190 1282 348 1312 omnes
369 1281 464 1310 una
484 1280 625 1324 prope
647 1279 757 1308 voce
778 1264 830 1308 in
858 1263 958 1322 ipso
981 1277 1063 1307 vos
1086 1277 1212 1321 spem
1235 1261 1477 1306 habituros
1498 1276 1596 1306 esse

190 1343 385 1388 dixistis.
453 1342 641 1386 Etenim
658 1340 766 1385 talis
789 1344 858 1384 est
880 1339 964 1394 vir,
984 1343 1039 1383 ut
1060 1338 1190 1382 nulla
1211 1352 1284 1382 res
1304 1341 1439 1381 tanta
1459 1337 1522 1381 sit
1542 1351 1596 1381 ac

189 1422 287 1462 tam
309 1416 517 1469 difficilis,
543 1430 682 1473 quam
703 1414 782 1458 ille
804 1429 898 1457 non
921 1417 968 1457 et
990 1411 1180 1456 consilio
1213 1425 1368 1469 regere
1401 1414 1449 1454 et
1481 1409 1596 1454 inte-

189 1493 359 1551 gritate
371 1491 494 1536 tueri
511 1495 558 1535 et
571 1490 747 1534 virtute
759 1489 979 1533 conficere
992 1475 1148 1546 possit.
1218 1485 1309 1531 Sed
1328 1486 1380 1529 in
1393 1485 1479 1530 hoc
1492 1485 1593 1545 ipso

190 1569 249 1613 ab
271 1583 324 1612 eo
348 1565 748 1611 vehementissime
771 1563 1004 1621 dissentio,
1029 1562 1165 1621 quod,
1185 1577 1275 1620 quo
1297 1561 1451 1605 minus
1472 1565 1596 1606 certa

191 1650 262 1689 est
293 1644 533 1688 hominum
566 1658 619 1687 ac
650 1643 805 1686 minus
837 1641 1059 1685 diuturna
1095 1641 1203 1694 vita,
1228 1639 1314 1683 hoc
1345 1639 1492 1697 magis
1522 1653 1596 1683 res

191 1722 386 1781 publica,
424 1721 535 1765 dum
578 1735 661 1779 per
704 1719 812 1763 deos
852 1717 1136 1761 immortales
1172 1716 1292 1770 licet,
1328 1714 1424 1760 frui
1461 1714 1596 1760 debet

114 1803 169 1847 60
191 1798 359 1843 summi
381 1798 471 1841 viri
493 1797 592 1840 vita
612 1800 753 1855 atque
775 1795 962 1838 virtute.
1031 1793 1102 1836 At
1124 1791 1247 1836 enim
1267 1795 1345 1835 ‘ne
1361 1789 1474 1849 quid
1486 1791 1595 1835 novi

192 1875 275 1919 fiat
312 1878 473 1917 contra
502 1871 712 1930 exempla
745 1874 885 1928 atque
919 1867 1140 1912 instituta
1168 1867 1422 1910 maiorum.’
1484 1864 1596 1910 Non

194 1951 340 1995 dicam
374 1950 460 1994 hoc
490 1950 601 2003 loco,
626 1947 821 1992 maiores
851 1951 1034 1999 nostros
1060 1958 1238 2002 semper
1269 1943 1321 1987 in
1353 1956 1464 2002 pace
1495 1957 1597 1987 con-

193 2025 441 2079 suetudini,
465 2025 516 2069 in
545 2024 664 2068 bello
691 2022 887 2067 utilitati
915 2020 1133 2080 paruisse,
1159 2034 1338 2077 semper
1363 2017 1422 2062 ad
1451 2032 1595 2061 novos

194 2116 324 2145 casus
344 2105 604 2159 temporum
627 2113 852 2142 novorum
883 2096 1175 2141 consiliorum
1198 2093 1400 2138 rationes
1427 2107 1595 2137 accom—

193 2177 427 2232 modasse3
475 2191 572 2220 non
613 2175 774 2230 dicam,
821 2173 912 2217 duo
953 2171 1075 2216 bella
1113 2170 1327 2224 maxima,
1364 2168 1591 2212 Punicum

192 2258 332 2312 atque
376 2252 698 2311 Hispaniense,
734 2250 793 2294 ab
825 2264 918 2292 uno
950 2247 1227 2305 imperatore
1259 2259 1355 2288 esse
1388 2243 1594 2288 confecta

194 2329 399 2387 duasque
452 2326 588 2371 urbes
648 2322 1002 2384 potentissimas,
1058 2335 1176 2380 quae
1235 2319 1343 2363 huic
1402 2318 1594 2377 imperio

194 2403 394 2449 maxime
439 2401 788 2457 minitabantur,
829 2397 1170 2455 Karthaginem
1214 2400 1354 2453 atque
1389 2394 1594 2438 Numan-

196 2480 322 2534 tiam,
347 2479 405 2522 ab
427 2477 586 2522 eodem
618 2476 830 2534 Scipione
856 2489 952 2518 esse
981 2473 1180 2527 deletas;
1213 2485 1309 2515 non
1330 2484 1593 2514 commemo-

197 2555 320 2609 rabo,
339 2568 487 2611 nuper
507 2553 576 2596 ita
589 2552 719 2596 vobis
735 2551 1035 2610 patribusque
1052 2547 1218 2591 vestris
1239 2560 1335 2591 esse
1357 2545 1520 2598 visum,
1540 2549 1592 2589 ut

195 2630 246 2674 in
272 2643 365 2673 uno
395 2627 444 2673 O.
470 2627 623 2671 Mario
656 2641 759 2685 spes
780 2625 963 2683 imperii
985 2627 1244 2682 poneretur,
1270 2625 1324 2664 ut
1345 2620 1467 2664 idem
1489 2633 1591 2663 cum
