1702 2826
380 121 474 168 DE
513 121 803 168 IMPERIO
849 123 944 170 GN.
994 121 1261 169 POMPEI.
1463 119 1518 171 29

123 241 207 288 hoc
247 243 466 288 beneficio
508 242 667 301 populi
712 242 910 286 Romani
962 246 1103 301 atque
1155 242 1239 287 hac
1293 248 1519 301 potestate

123 320 363 379 praetoria,
381 320 605 378 quidquid
623 319 911 374 auctoritate,
927 319 1029 375 fide,
1045 319 1304 364 constantia
1319 334 1516 378 possum,

122 396 172 441 id
213 411 346 441 omne
388 395 448 440 ad
490 395 608 440 hanc
651 411 747 440 rem
781 396 1107 441 conficiendam
1145 396 1231 440 tibi
1267 400 1313 440 et
1350 396 1518 455 populo

124 471 333 516 Romano
361 471 576 530 polliceor
606 486 659 515 ac
684 470 867 526 defer03
899 476 1132 530 testorque
1164 486 1320 515 omnes
1343 471 1451 516 deos
1472 477 1519 516 et
1540 484 1596 529 ¹70

123 557 199 586 eos
229 543 440 597 maxime,
466 542 545 600 qui
578 542 685 586 huic
716 541 813 586 loco
845 542 1107 601 temploque
1140 543 1414 601 praesident,
1438 545 1518 602 qui

123 618 327 662 omnium
359 622 536 662 mentes
566 632 735 671 eorum,
761 617 840 676 qui
865 617 924 662 ad
954 633 1049 662 rem
1079 618 1307 676 publicam
1330 618 1515 674 adeunt,

123 692 321 736 maxime
343 692 637 751 perspiciunt,
653 707 726 735 me
747 691 833 736 hoc
848 707 997 751 neque
1019 697 1182 751 rogatu
1197 691 1347 737 facere
1368 694 1516 737 cuius-

123 782 273 826 quam,
298 782 446 826 neque
472 782 562 825 quo
589 766 671 812 Cn.
705 767 896 826 Pompei
925 768 1121 825 gratiam
1147 768 1262 811 mihi
1290 783 1372 827 per
1400 769 1517 813 hanc

123 857 303 886 causam
318 842 550 887 conciliari
572 847 742 901 putem,
760 858 908 901 neque
931 858 1021 901 quo
1042 844 1157 887 mihi
1174 845 1516 906 ex-cuiusquam

122 918 426 977 amplitudine
468 923 551 963 aut
593 919 819 977 praesidia
861 919 1075 977 periculis
1127 925 1209 964 aut
1251 918 1518 965 adiumenta

123 993 374 1038 honoribus
396 1009 625 1053 quaeram,
650 999 892 1053 propterea
918 994 1039 1053 quod
1061 995 1263 1053 pericula
1294 995 1440 1050 facile,
1465 1001 1519 1040 ut

121 1068 352 1113 hominem
369 1073 602 1127 praestare
618 1074 811 1127 oportet,
828 1069 1092 1112 innocentia
1104 1069 1216 1113 tecti
1233 1068 1516 1128 repellemus,

120 1143 337 1188 honorem
366 1149 521 1188 autem
552 1159 700 1203 neque
731 1145 788 1188 ab
823 1159 915 1188 uno
948 1159 1096 1203 neque
1119 1160 1175 1188 ex
1198 1145 1283 1189 hoc
1305 1145 1414 1200 loco,
1439 1145 1518 1190 sed

120 1218 277 1262 eadem
299 1218 379 1262 illa
401 1224 560 1263 nostra
575 1219 930 1264 laboriosissima
953 1220 1131 1264 ratione
1156 1220 1290 1275 vitae,
1308 1220 1348 1264 si
1364 1224 1518 1265 vestra

120 1293 333 1339 voluntas
354 1294 486 1351 feret,
510 1310 850 1354 consequemur.
900 1295 1050 1349 Quam
1074 1296 1132 1340 ob
1154 1310 1263 1349 rem,
1289 1295 1516 1354 quidquid
1536 1309 1588 1353 ¹71

118 1370 168 1413 in
189 1369 274 1414 hac
295 1384 430 1414 causa
450 1369 565 1413 mihi
588 1375 848 1428 susceptum
873 1375 954 1425 est,
975 1369 1191 1425 Quirites,
1207 1371 1256 1415 id
1278 1386 1412 1416 omne
1434 1387 1516 1431 ego

118 1460 190 1489 me
215 1445 283 1489 rei
311 1445 520 1504 publicae
549 1461 685 1490 causa
711 1446 959 1504 suscepisse
985 1447 1216 1502 confirmo,
1241 1452 1516 1508 tantumque

117 1522 246 1565 abest
266 1526 321 1565 ut
341 1522 543 1580 aliquam
557 1522 671 1566 mihi
691 1522 860 1567 bonam
882 1523 1079 1581 gratiam
1098 1524 1326 1581 quaesisse
1341 1525 1512 1580 videar,

118 1603 171 1642 ut
192 1599 363 1643 multas
384 1614 457 1643 me
480 1599 619 1643 etiam
634 1599 894 1644 simultates
907 1600 1077 1658 partim
1101 1601 1326 1656 obscuras,
1344 1602 1513 1660 partim

117 1681 298 1733 apertas
330 1676 606 1734 intellegam,
646 1676 761 1719 mihi
778 1699 783 1704 ·
799 1691 894 1720 non
927 1676 1215 1731 necessarias,
1257 1677 1386 1721 vobis
1419 1693 1512 1722 non

118 1751 304 1795 inutiles
327 1752 585 1810 suscepisse.
654 1751 743 1796 Sed
761 1766 843 1810 ego
857 1767 929 1796 me
942 1751 1027 1796 hoc
1040 1751 1213 1796 honore
1235 1752 1508 1810 praeditum,

119 1827 260 1871 tantis
303 1828 470 1872 vestris
512 1827 744 1872 beneficiis
796 1827 1031 1872 adfectum
1085 1828 1242 1883 statui,
1291 1827 1509 1885 Quirites,

119 1906 313 1946 vestram
366 1902 653 1947 voluntatem
698 1907 744 1947 et
787 1903 854 1946 rei
898 1903 1106 1961 publicae
1149 1903 1422 1961 dignitatem
1465 1908 1512 1947 et

114 1977 308 2021 salutem
340 1978 678 2036 provinciarum
716 1983 855 2037 atque
890 1979 1114 2023 sociorum
1153 1980 1265 2023 meis
1301 1980 1512 2024 omnibus

113 2053 360 2097 commodis
382 2058 429 2097 et
451 2054 709 2098 rationibus
731 2054 962 2112 praeferre
983 2060 1203 2113 oportere.
