1702 2826
346 112 441 157 DE
480 112 769 158 IMPERIO
815 111 916 157 ΟΝ.
963 110 1235 155 POMPEI.
1435 110 1494 153 25

98 230 338 290 Iugurtha,
382 229 506 275 idem
548 243 651 273 cum
696 227 906 281 Cimbris,
951 226 1075 269 idem
1128 239 1232 269 cum
1275 225 1496 270 Teutonis

97 307 269 352 bellum
300 306 674 351 administraret:
718 305 769 348 in
800 304 901 362 ipso
934 302 1016 347 Gn.
1053 301 1286 360 Pompeio,
1320 302 1370 345 in
1403 316 1494 360 quo

97 383 207 427 novi
227 382 447 427 constitui
471 381 590 425 nihil
612 380 716 424 vult
738 380 789 434 Q.
817 379 1023 434 Catulus,
1049 393 1187 437 quam
1219 378 1368 422 multa
1400 378 1495 422 sint

48 465 55 474 “
97 471 219 501 nova
259 470 437 500 summa
480 455 532 509 Q.
580 455 735 499 Catuli
779 454 1019 498 voluntate
1057 453 1311 498 constituta
1353 468 1495 498 recor-

98 533 282 578 damini.
1099 523 1104 530 ’

189 608 332 653 ΧΧΪ.
401 609 525 663 Quid
568 613 664 652 tam
702 623 875 652 novum
917 621 1056 665 quam
1099 607 1494 651 adulescentulum
1516 607 1567 649 61

97 684 332 742 privatum
353 684 606 729 exercitum
628 683 802 728 difficili
823 683 890 727 rei
922 682 1132 740 publicae
1160 686 1368 740 tempore
1394 697 1495 726 con-

97 757 252 803 ficere?
283 758 480 803 confecit
486 775 499 814 3
532 758 640 802 huic
664 759 900 816 praeesse‘l
941 756 1144 815 praefuit
1151 772 1164 812 3
1197 772 1294 800 rem
1323 757 1495 815 optime

97 834 239 879 ductu
272 849 354 878 suo
379 834 562 892 gerere?
593 833 744 891 gessit.
813 832 938 886 Quid
969 837 1066 876 tam
1096 836 1280 890 praeter
1312 847 1495 876 consue-

97 909 307 954 tudinem
350 925 488 969 quam
530 909 706 953 homini
738 908 1114 968 peradulescenti,
1149 909 1279 953 cuius
1310 913 1437 952 aetas
1468 924 1496 952 a

98 984 327 1028 senatorio
359 984 504 1042 gradu
537 984 670 1042 longe
703 984 892 1038 abesset,
924 983 1168 1042 imperium
1201 988 1340 1041 atque
1372 998 1496 1027 exer·

99 1059 241 1103 citum
263 1059 375 1114 dari,
394 1059 595 1103 Siciliam
617 1058 826 1117 permitti
847 1063 986 1117 atque
1002 1058 1213 1102 Africam
1234 1058 1496 1116 bellumque

99 1135 150 1179 in
190 1149 246 1179 ea
278 1135 514 1193 provincia
548 1133 996 1178 administrandum‘e
1060 1133 1172 1176 Fuit
1206 1133 1256 1175 in
1290 1132 1363 1176 his
1396 1147 1496 1190 pro-

100 1209 262 1254 vinciis
283 1209 504 1268 singulari
525 1209 802 1264 innocentia,
818 1209 1060 1267 gravitate,
1086 1208 1288 1264 virtute,
1320 1207 1494 1251 bellum

99 1285 150 1329 in
178 1285 343 1330 Africa
373 1285 627 1329 maximum
660 1284 869 1339 confecit,
894 1285 1113 1328 victorem
1147 1284 1397 1328 exercitum
1424 1284 1496 1328 de-

99 1360 315 1419 portavit.
384 1360 508 1414 Quid
542 1375 651 1404 vero
689 1364 786 1404 tam
819 1359 1083 1403 inauditum
1118 1373 1256 1418 quam
1294 1359 1495 1418 equitem

99 1436 362 1480 Romanum
389 1435 708 1494 triumphare‘l
751 1439 800 1479 at
826 1450 926 1479 eam
956 1450 1138 1493 quoquc
1170 1450 1265 1479 rem
1299 1434 1495 1494 populus

99 1511 338 1555 Romanus
368 1526 463 1555 non
494 1511 629 1555 modo
662 1511 793 1566 vidit,
818 1511 898 1555 sed
931 1511 1137 1554 omnium
1170 1511 1310 1555 etiam
1342 1511 1496 1556 studio

99 1587 336 1632 visendam
389 1593 436 1632 et
489 1588 892 1633 concelebrandam
945 1588 1141 1647 putavit.
1223 1588 1347 1642 Quid
1399 1594 1496 1633 tam
1518 1590 1574 1634 62

98 1662 373 1707 inusitatum
405 1678 556 1723 quam,
580 1678 683 1708 cum
716 1663 808 1712 duo
840 1663 1047 1707 consules
1079 1663 1317 1707 clarissimi
1346 1664 1496 1708 fortis-

99 1739 293 1799 simique
309 1744 472 1794 essent,
491 1745 545 1783 ut
567 1755 704 1798 eques
721 1740 960 1784 Romanus
982 1740 1040 1783 ad
1053 1740 1226 1784 bellum
1243 1741 1495 1785 maximum

98 1815 663 1874 formidolosissimumque
684 1829 767 1873 pro
800 1815 985 1859 consule
1007 1815 1300 1860 mitteretur't
1331 1818 1497 1862 missus

99 1897 180 1937 est.
249 1891 352 1945 Quo
394 1891 580 1950 quidem
614 1895 820 1950 tempore
858 1907 962 1935 cum
997 1896 1115 1936 esset
1149 1907 1243 1936 non
1277 1908 1411 1938 nemo
1445 1894 1496 1938 in

100 1972 263 2011 senatu
284 1967 364 2026 qui
387 1966 570 2020 diceret,
594 1982 688 2010 non
711 1971 920 2025 oportere
942 1967 1068 2011 mitti
1093 1967 1325 2012 hominem
1347 1969 1496 2027 priva-

101 2047 200 2086 tum
232 2057 315 2101 pro
344 2042 541 2097 consule,
566 2042 617 2086 L.
644 2041 889 2101 Philippus
917 2043 1088 2087 dixisse
1114 2043 1295 2098 dicitur,
1320 2060 1415 2088 non
1447 2060 1494 2089 se

97 2117 230 2161 illum
267 2132 351 2161 sua
384 2117 615 2161 sententia
648 2132 731 2175 pro
765 2117 962 2172 consule,
999 2118 1078 2162 sed
1111 2133 1195 2177 pro
1232 2120 1495 2164 consulibus

98 2192 294 2237 mittere.
360 2192 510 2237 Tanta
529 2193 581 2236 in
602 2207 656 2237 eo
684 2193 750 2236 rei
772 2192 980 2251 publicae
1001 2194 1118 2238 bene
1146 2195 1370 2252 gerendae
1392 2210 1494 2253 spes

99 2267 475 2322 constituebatur,
519 2272 575 2312 ut
616 2268 812 2313 duorum
865 2268 1103 2312 consulum
1146 2284 1314 2313 munus
1355 2271 1494 2315 unius

99 2342 401 2387 adulescentis
428 2343 594 2387 virtuti
622 2343 997 2387 committeretur.
1066 2343 1190 2397 Quid
1217 2349 1314 2388 tam
1343 2344 1495 2403 singu-

100 2416 206 2471 lare,
221 2431 359 2474 quam
380 2421 435 2461 ut
447 2431 506 2461 ex
518 2422 706 2461 senatus
725 2417 933 2462 consulto
948 2417 1126 2476 legibus
1142 2418 1320 2462 solutus
1335 2419 1492 2463 consul

99 2495 207 2536 ante
235 2491 378 2548 fieret,
401 2507 539 2551 quam
565 2493 713 2536 ullum
741 2493 884 2537 alium
906 2494 1227 2552 magistratum
1255 2510 1339 2553 per
1370 2495 1491 2554 leges

99 2581 258 2626 capere
278 2567 507 2612 licuissetZ
545 2569 656 2626 quid
672 2573 769 2612 tam
790 2569 1068 2624 incredibile,
1085 2584 1223 2627 quam
1246 2574 1300 2613 ut
1320 2570 1487 2615 iterum
