1702 2826
409 137 503 180 DE
545 136 832 181 IMPERIO
876 135 972 181 GN.
1023 136 1291 181 POMPEI.
1496 135 1548 181 17

161 261 384 319 quaedam
396 260 684 318 gubernandi
698 268 781 302 aut
796 259 923 302 venti
939 258 1083 316 aliqui
1103 257 1214 301 novi
1230 262 1327 301 tam
1348 257 1555 301 celeriter

160 335 212 379 in
232 335 420 379 ultimas
440 338 589 378 terras
609 332 914 392 pertulerunt,
939 331 1020 377 sed
1040 347 1120 376 eae
1141 346 1225 387 res,
1245 347 1361 391 quae
1383 336 1556 376 ceteros

161 411 381 456 remorari
423 410 584 466 solent,
621 425 716 454 non
758 408 1075 453 retardarunt:
1122 423 1217 452 non
1259 407 1456 452 avaritia
1498 408 1556 452 ab

161 485 378 531 instituto
416 500 551 530 cursu
588 485 648 529 ad
682 484 898 544 praedam
935 484 1137 543 aliquam
1172 484 1425 540 devocavit,
1463 499 1556 528 non

161 557 304 603 libido
325 557 385 602 ad
407 557 705 616 voluptatem,
722 572 816 601 non
837 557 1091 601 amoenitas
1111 557 1170 601 ad
1193 557 1554 611 delectationem,

162 648 256 678 non
293 633 510 677 nobilitas
564 633 691 677 urbis
743 632 800 677 ad
854 633 1172 691 cognitionem,
1217 648 1313 678 non
1360 633 1558 691 denique

162 708 292 754 labor
332 708 430 767 ipse
467 707 527 752 ad
565 708 787 766 quietem3
842 713 1072 767 postremo
1116 709 1246 767 signa
1288 713 1336 752 et
1377 708 1559 752 tabulas

163 788 403 843 ceteraque
457 787 728 827 ornamenta
782 783 1058 830 Graecorum
1112 784 1397 843 oppidorum,
1443 799 1560 843 quae

165 858 304 902 ceteri
324 858 530 902 tollenda
552 873 648 902 esse
670 858 970 914 arbitrantur,
996 874 1050 903 ea
1074 859 1161 903 sibi
1189 859 1268 903 ille
1289 874 1349 903 ne
1371 858 1562 903 visenda

166 933 350 993 quidem
383 934 678 978 existimavit.
747 934 914 994 Itaque
947 950 1105 980 omnes
1136 951 1260 980 nunc
1292 936 1342 979 in
1368 935 1426 979 iis
1451 935 1562 980 locis
1583 944 1637 987 41

166 1010 248 1055 On.
273 1010 544 1068 Pompeium
565 1010 685 1054 sicut
700 1010 899 1069 aliquem
921 1026 1016 1056 non
1037 1025 1096 1055 ex
1117 1010 1202 1055 hac
1223 1011 1336 1055 urbe
1358 1011 1560 1067 missum,

166 1086 246 1131 sed
298 1085 355 1130 de
408 1086 531 1130 caelo
585 1086 819 1144 delapsum
873 1087 1117 1131 intuentur
1124 1102 1137 1142 3
1202 1103 1324 1131 nunc
1367 1087 1563 1146 denique

166 1162 395 1221 incipiunt
427 1162 620 1217 credere,
645 1161 786 1206 fuisse
815 1162 1023 1207 homines
1052 1165 1286 1208 Romanos
1311 1163 1396 1207 hac
1425 1178 1563 1222 quon-

167 1237 274 1282 dam
327 1237 623 1292 continentia,
669 1237 791 1296 quod
843 1238 936 1282 iam
978 1239 1245 1283 nationibus
1287 1238 1458 1283 exteris
1498 1238 1565 1282 in-

168 1311 383 1356 credibile
405 1326 457 1355 ac
479 1310 595 1355 falso
617 1312 863 1355 memoriae
884 1312 1120 1371 proditum
1143 1313 1388 1357 videbatur
1395 1330 1408 1368 3
1442 1330 1565 1358 nunc

167 1387 349 1446 imperii
386 1387 528 1431 vestri
565 1387 779 1446 splendor
815 1387 908 1431 illis
949 1388 1164 1446 gentibus
1205 1389 1352 1433 lucem
1387 1389 1566 1434 adferre

169 1463 338 1521 coepit,
370 1478 494 1507 nunc
525 1463 802 1521 intellegunt
834 1478 929 1507 non
955 1465 1052 1507 sine
1079 1479 1214 1508 causa
1239 1465 1433 1510 maiores
1462 1481 1567 1510 suos

169 1543 283 1594 tum,
328 1555 431 1583 cum
485 1555 539 1583 ea
580 1534 886 1598 temperantia
933 1540 1229 1598 magistratus
1273 1541 1563 1596 habebamus,

170 1615 341 1660 servire
362 1615 531 1674 populo
555 1615 764 1659 Romano
787 1630 925 1674 quam
957 1616 1181 1674 imperare
1207 1616 1310 1660 aliis
1338 1616 1564 1661 maluisse.

171 1690 274 1734 Iam
307 1706 417 1734 vero
448 1690 517 1734 ita
549 1690 704 1734 faciles
735 1690 890 1734 aditus
927 1690 986 1733 ad
1024 1705 1128 1734 eum
1166 1691 1465 1748 privatorum,
1499 1692 1568 1734 ita
1588 1692 1646 1737 42

171 1766 340 1811 liberae
363 1766 674 1825 querimoniae
697 1766 752 1810 de
774 1766 969 1809 aliorum
1002 1766 1184 1810 iniuriis
1214 1782 1309 1811 esse
1336 1767 1565 1822 dicuntur,

171 1834 226 1886 ut
246 1842 287 1886 is
308 1842 388 1901 qui
406 1842 632 1899 dignitate
655 1842 938 1900 principibus
955 1842 1150 1896 excellit,
1162 1842 1384 1887 facilitate
1397 1843 1568 1887 infimis

173 1934 256 1976 par
287 1933 383 1962 esse
398 1919 638 1962 0videatur.
708 1919 809 1962 Iam
843 1924 1068 1976 quantum
1102 1919 1302 1976 consilio,
1342 1924 1568 1978 quantum

174 1996 355 2041 dicendi
391 1996 620 2055 gravitate
657 2002 705 2039 et
739 1996 869 2054 copia
907 1996 1070 2051 valeat,
1105 1996 1156 2039 in
1189 2011 1278 2054 quo
1316 1996 1414 2054 ipso
1448 1997 1569 2041 inest

174 2071 397 2129 quaedam
427 2071 628 2129 dignitas
658 2070 968 2129 imperatoria,
994 2086 1086 2126 vos,
1113 2071 1330 2126 Quirites,
1356 2072 1441 2116 hoc
1469 2072 1568 2131 ipso

174 2162 233 2190 ex
260 2146 357 2190 loco
386 2161 519 2204 saepe
548 2146 837 2204 cognovistis.
906 2147 1067 2191 Fidem
1098 2163 1205 2192 vero
1228 2148 1326 2192 eius
1348 2154 1568 2206 quantam

174 2221 297 2265 inter
338 2221 480 2265 socios
523 2221 778 2264 existimari
821 2222 1009 2279 putatis,
1046 2237 1183 2280 quam
1226 2223 1379 2267 hostes
1413 2239 1570 2268 omnes

175 2297 379 2341 omnium
400 2311 619 2355 generum
647 2297 980 2341 sanctissimam
1008 2298 1279 2343 iudicarint?
1343 2300 1571 2344 Humani-

175 2377 272 2416 tate
300 2372 392 2416 iam
421 2377 554 2415 tanta
587 2377 667 2426 est,
693 2377 747 2416 ut
776 2373 956 2417 difficile
980 2373 1106 2417 dictu
1132 2375 1204 2430 sit,
1231 2379 1388 2419 utrum
1417 2376 1570 2421 hostes

177 2449 321 2507 magis
364 2449 585 2492 virtutem
629 2449 727 2492 eius
770 2454 1030 2507 pugnantes
1067 2450 1309 2494 timuerint
1344 2467 1404 2495 an
1446 2467 1572 2496 man-

176 2523 466 2568 suetudinem
500 2524 611 2567 victi
644 2524 903 2570 dilexerint.
971 2525 1035 2569 Et
1067 2526 1308 2585 quisquam
1338 2527 1571 2571 dubitabit

177 2599 290 2659 quin
310 2599 417 2642 huic
438 2598 523 2642 hoc
554 2604 737 2642 tantum
760 2599 930 2643 bellum
958 2603 1369 2646 transmittendum
1391 2603 1464 2659 sit,
1488 2604 1570 2663 qui
