1702 2826
158 154 216 208 ie
416 164 509 208 DE
552 162 842 208 IMPERIO
887 159 980 208 CN.
1028 158 1296 210 POMPEI.

150 285 207 329 ad
243 286 396 330 omnia
428 292 613 331 nostrae
646 286 892 331 memoriae
924 287 1045 331 bella
1079 285 1360 332 conficienda
1393 285 1552 334 divino

149 362 348 420 quodam
371 363 559 407 consilio
581 368 720 407 natus
743 378 839 407 esse
862 362 1098 408 videatur?

69 447 127 491 43
243 439 354 484 XV.
435 440 499 484 Et
541 442 760 500 quoniam
804 441 1058 486 auctoritas
1102 456 1282 500 quoque
1325 442 1376 486 in
1419 442 1550 488 bellis
1591 449 1594 452 ’

147 513 527 560 administrandis
542 517 743 560 multum
766 521 906 576 atque
922 517 972 560 in
994 516 1188 575 imperio
1205 517 1395 562 militari
1411 517 1548 574 valet,

147 594 269 633 certe
290 591 465 634 nemini
484 591 675 635 dubium
699 597 769 636 est
791 592 904 650 quin
928 607 982 636 ea
1004 607 1053 636 re
1066 591 1187 636 idem
1210 592 1288 636 ille
1301 593 1552 652 imperator

145 664 396 723 plurimum
441 667 597 725 possit.
667 667 984 712 Vehementer
1019 672 1176 712 autem
1219 668 1450 727 pertinere
1491 669 1550 715 ad

144 739 265 784 bella
301 741 680 799 administranda,
724 742 837 801 quid
873 743 1041 799 hostes,
1082 744 1194 802 quid
1234 745 1343 789 socii
1381 745 1437 790 de
1470 746 1552 790 imss‘

145 817 435 874 peratoribus
463 818 635 862 nostris
665 819 946 874 existiment,
972 819 1076 878 quis
1098 820 1293 878 ignorat,
1318 836 1421 865 cum
1443 822 1551 867 scia-

144 906 247 935 mus
271 891 480 936 homines
506 893 556 936 in
586 894 732 937 tantis
763 894 912 950 rebus,
943 899 999 938 ut
1026 899 1110 939 aut
1142 900 1441 942 contemnant
1468 903 1552 942 aut

143 974 368 1028 metuant,
396 977 479 1015 aut
511 972 696 1016 oderint
721 977 804 1015 aut
833 976 1003 1028 ament,
1028 973 1244 1031 opinione
1275 989 1370 1019 non
1397 976 1552 1021 minus

143 1052 190 1091 et
212 1047 337 1091 fama
358 1063 495 1107 quam
518 1049 675 1108 aliqua
696 1049 876 1093 ratione
903 1053 1029 1094 certa
1052 1051 1352 1096 commoveri?
1417 1051 1550 1106 Quod

143 1124 287 1182 igitur
312 1140 480 1186 nomen
511 1141 728 1185 umquam
759 1127 809 1170 in
842 1126 951 1170 orbe
983 1131 1212 1171 terrarum
1243 1128 1411 1173 clarius
1436 1129 1551 1174 fuiti

142 1201 272 1245 cuius
305 1217 390 1259 res>
408 1208 563 1261 gestae
596 1204 753 1262 pares?
785 1203 841 1247 de
875 1218 965 1262 quo
998 1203 1184 1248 homine
1217 1220 1311 1260 vos,
1346 1205 1395 1249 id
1426 1205 1548 1265 quod

142 1276 342 1320 maxime
387 1277 499 1321 facit
541 1278 879 1333 auctoritatem,
920 1283 1054 1323 tanta
1098 1284 1145 1323 et
1182 1284 1278 1323 tam
1316 1281 1550 1339 praeclara

65 1362 124 1405 44
141 1352 312 1397 iudicia
328 1353 524 1398 fecistis‘l
591 1354 669 1398 An
694 1370 801 1399 vero
816 1355 959 1399 ullam
982 1371 1175 1414 usquam
1193 1372 1289 1401 esse
1303 1372 1430 1401 oram
1451 1362 1547 1402 tam

142 1431 369 1476 desertam
392 1431 581 1489 putatis,
607 1446 698 1489 quo
731 1446 826 1475 non
852 1431 978 1475 illius
1007 1431 1099 1476 diei
1128 1431 1254 1476 fama
1278 1433 1545 1491 pervaserit,

140 1523 243 1552 cum
263 1507 507 1551 universus
528 1506 727 1566 populus
754 1507 994 1551 Romanus
1026 1506 1198 1552 referto
1228 1507 1329 1552 foro
1356 1509 1548 1569 comple-

139 1586 291 1644 tisque
323 1586 536 1630 omnibus
561 1585 759 1644 templis,
793 1600 852 1629 ex
884 1585 1052 1644 quibus
1083 1585 1158 1629 hic
1189 1585 1315 1630 locus
1348 1586 1546 1646 conspici

139 1667 303 1721 potest,
323 1677 468 1706 unum
483 1662 570 1706 sibi
593 1661 652 1706 ad
676 1677 917 1706 commune
932 1662 1136 1706 omnium
1151 1663 1360 1722 gentium
1373 1663 1544 1708 bellum

141 1739 221 1783 Cn.
259 1739 532 1798 Pompeium
565 1739 892 1798 imperatorem
926 1738 1213 1797 depoposcit?
1278 1739 1457 1799 Itaque,
1491 1744 1546 1784 ut

139 1817 275 1875 plura
299 1831 395 1860 non
421 1816 569 1860 dicam
603 1831 753 1875 neque
786 1816 981 1859 aliorum
1012 1815 1235 1875 exemplis
1267 1817 1542 1873 confirmem,

140 1898 367 1952 quantum
412 1893 665 1937 auctoritas
709 1892 863 1937 valeat
905 1892 955 1935 in
989 1892 1122 1948 bello,
1162 1894 1222 1937 ab
1259 1894 1417 1939 eodem
1457 1894 1540 1940 Gn.

139 1969 358 2028 Pompeio
373 1969 579 2013 omnium
593 1983 747 2012 rerum
756 1968 1041 2027 egregiarum
1057 1968 1267 2027 exempla
1280 1957 1543 2014 ahmantur:

140 2047 220 2105 qui
255 2063 346 2106 quo
385 2047 459 2091 die
497 2063 525 2090 a
559 2047 690 2090 vobis
724 2046 957 2090 maritimo
995 2045 1116 2090 bello
1153 2046 1442 2105 praepositus
1474 2058 1544 2091 est

139 2126 402 2184 imperator,
443 2129 579 2169 tanta
617 2129 806 2183 repente
845 2123 1001 2166 vilitas
1033 2138 1244 2167 annonae
1279 2138 1336 2167 ex
1365 2138 1544 2168 summa

139 2201 295 2259 inopia
317 2205 364 2244 et
386 2201 578 2244 caritate
601 2200 667 2244 rei
697 2199 1028 2243 frumentariae
1051 2204 1293 2243 consecuta
1315 2203 1385 2243 est
1405 2199 1544 2244 unius

139 2276 339 2320 hominis
369 2291 447 2334 spe
480 2291 533 2319 ac
562 2275 761 2330 nomine,
787 2278 1010 2333 quantam
1039 2274 1120 2317 vix
1142 2274 1193 2317 in
1216 2289 1394 2318 summa
1414 2274 1542 2318 uber-

61 2362 117 2405 45
138 2356 236 2395 tate
278 2365 491 2409 agrorum
536 2349 758 2394 diuturna
793 2365 884 2408 pax
919 2349 1093 2392 efficere
1136 2348 1382 2412 potuisset,
1440 2348 1541 2392 Iam

138 2430 324 2484 accepta
348 2425 399 2468 in
429 2424 581 2468 Ponto
609 2425 872 2468 calamitate
903 2439 960 2467 ex
984 2439 1036 2468 eo
1059 2424 1244 2482 proelio,
1270 2423 1326 2468 de
1349 2438 1439 2482 quo
1462 2437 1543 2468 vos

140 2502 275 2560 paulo
303 2506 412 2545 ante
441 2501 620 2545 invitus
645 2501 876 2555 admonui,
902 2515 1005 2544 cum
1039 2500 1148 2544 socii
1182 2500 1540 2559 pertimuissent,

140 2577 340 2621 hostium
369 2591 476 2634 opes
502 2576 737 2635 animique
766 2575 1029 2628 crevissent,
1056 2575 1170 2619 satis
1200 2575 1383 2619 firmum
1417 2589 1543 2634 prae-

140 2651 308 2697 sidium
357 2651 594 2710 provincia
647 2667 740 2695 non
794 2651 997 2708 haberet,
1042 2650 1311 2696 amisissetis
1363 2650 1540 2707 Asiam,
