1702 2826
145 142 174 185 4
405 143 496 185 DE
538 144 825 189 IMPERIO
870 144 972 189 GN.
1019 144 1285 190 POMPEI.

145 265 236 309 duo
279 265 519 311 fortissimi
562 268 651 311 viri
695 273 742 312 et
785 269 953 312 summi
996 270 1308 328 imperatores,
1357 270 1436 314 sed
1477 270 1546 315 ita

143 341 504 401 triumpharunt,
540 348 595 387 ut
636 343 715 387 ille
758 345 919 403 pulsus
951 350 1283 404 superatusque
1317 351 1541 404 regnaret.

143 418 322 463 Verum
354 424 511 463 tamen
543 419 636 463 illis
667 419 1024 478 imperatoribus
1056 421 1159 465 laus
1184 426 1255 465 est
1279 421 1542 478 tribuenda,
1586 445 1590 447 ·

142 495 264 554 quod
281 500 488 554 egerunt,
508 497 643 539 venia
660 495 823 553 danda,
845 497 967 555 quod
985 497 1283 556 reliquerunt,
1303 493 1546 557 propterea

142 571 264 629 quod
318 572 376 615 ab
430 586 483 615 eo
524 571 646 615 bello
690 571 864 615 Sullam
907 572 958 615 in
1001 571 1188 616 Italiam
1232 587 1305 616 res
1347 572 1543 631 publica,

143 645 390 689 Murenam
414 645 544 689 Sulla
565 646 810 690 revocavit.

95 723 120 766 9
235 721 322 765 IV.
369 721 669 766 Mithridates
685 728 842 766 autem
859 737 994 766 omne
1009 723 1239 782 reliquum
1256 729 1440 783 tempus
1451 739 1545 768 non

141 798 201 842 ad
223 798 501 842 oblivionem
524 799 694 842 veteris
715 799 837 855 belli,
854 799 933 843 sed
955 799 1014 843 ad
1037 799 1423 858 comparationem
1435 801 1548 844 novi·

143 874 361 918 contulit:
396 875 476 933 qui
498 879 657 932 postea
681 890 819 933 quam
841 875 1068 919 maximas
1089 875 1372 920 aedificasset
1393 891 1546 920 ornas-

142 956 301 1010 setque
334 950 498 995 classes
530 951 850 1010 exercitusque
883 967 1154 1010 permagnos
1184 953 1545 1011 quibuscumque

141 1043 200 1071 ex
242 1028 458 1086 gentibus
499 1031 653 1085 posset
696 1032 1003 1085 comparasset
1057 1033 1104 1071 et
1158 1042 1205 1071 se
1250 1027 1539 1085 Bosporanis,

141 1104 351 1147 finitimis
380 1103 486 1158 suis,
511 1103 683 1147 bellum
714 1102 885 1147 inferre
912 1104 1162 1158 simularet,
1188 1119 1332 1162 usque
1365 1105 1415 1147 in
1438 1104 1547 1148 His-

141 1180 326 1238 paniam
356 1180 530 1238 legatos
556 1195 608 1222 ac
635 1177 816 1223 litteras
845 1180 972 1223 misit
1001 1180 1059 1224 ad
1086 1195 1163 1224 eos
1185 1180 1335 1238 duces,
1363 1181 1544 1239 quibus-

141 1272 244 1300 cum
267 1261 368 1300 tum
398 1256 571 1299 bellum
604 1257 886 1313 gerebamus,
913 1261 979 1314 ut,
1005 1272 1107 1301 cum
1142 1257 1322 1301 duobus
1354 1257 1404 1300 in
1435 1256 1547 1301 locis

141 1333 489 1377 diiunctissimis
511 1333 801 1391 maximeque
824 1333 1017 1376 diversis
1050 1348 1141 1377 uno
1165 1333 1353 1377 consilio
1375 1349 1403 1377 a
1423 1333 1546 1377 binis

140 1410 343 1454 hostium
383 1409 525 1467 copiis
561 1408 734 1452 bellum
769 1414 895 1452 terra
930 1410 1139 1468 marique
1175 1414 1422 1468 gereretur,
1465 1425 1547 1453 vos
1575 1444 1578 1448 .
1620 1407 1622 1409 ’

140 1486 332 1545 ancipiti
368 1485 662 1530 contentione
695 1485 894 1529 districti
929 1486 986 1529 de
1019 1486 1212 1544 imperio
1250 1485 1540 1530 dimicaretis.

67 1566 121 1611 10
142 1564 231 1608 Sed
253 1569 410 1608 tamen
432 1562 624 1606 alterius
637 1562 784 1620 partis
805 1562 1072 1620 periculum,
1093 1562 1384 1606 Sertorianae
1405 1566 1544 1621 atque

142 1640 480 1699 Hispaniensis,
514 1654 632 1698 quae
659 1639 806 1683 multo
836 1639 940 1697 plus
972 1639 1252 1682 firmamenti
1285 1654 1338 1682 ac
1369 1638 1545 1683 roboris

140 1717 352 1774 habebat,
382 1716 462 1760 Cn.
497 1716 690 1774 Pompei
717 1715 875 1759 divino
905 1716 1094 1760 consilio
1125 1731 1177 1759 ac
1207 1715 1431 1773 singulari
1456 1715 1544 1758 vir-

139 1797 242 1837 tute
265 1792 506 1850 depulsum
530 1797 619 1836 est:
653 1792 703 1834 in
725 1792 872 1835 altera
893 1797 1024 1850 parte
1038 1792 1105 1836 ita
1127 1807 1199 1835 res
1215 1807 1243 1836 a
1260 1792 1310 1836 L.
1332 1791 1539 1849 Lucullo,

140 1883 318 1912 summo
363 1868 475 1923 viro,
516 1873 586 1911 est
629 1867 965 1922 administrata,
1005 1872 1058 1911 ut
1102 1867 1238 1911 initia
1274 1867 1356 1910 illa
1390 1869 1542 1910 rerum

139 1952 372 2005 gestarum
406 1960 572 2003 magna
606 1949 746 2004 atque
782 1945 1016 2003 praeclara
1053 1960 1148 1988 non
1185 1944 1396 1988 felicitati
1430 1944 1539 1999 eius,

141 2023 220 2067 sed
237 2023 415 2079 virtuti,
437 2022 547 2065 haec
564 2026 720 2065 autem
735 2026 952 2078 extrema,
969 2036 1085 2079 quae
1098 2036 1247 2079 nuper
1262 2020 1540 2075 acciderunt,

140 2115 234 2143 non
277 2099 448 2157 culpae,
493 2099 572 2142 sed
615 2098 830 2142 fortunae
867 2097 1114 2141 tribuenda
1148 2112 1244 2141 esse
1282 2096 1540 2140 videantur.

142 2175 230 2220 Sed
253 2175 309 2218 de
333 2175 526 2218 Lucullo
550 2174 697 2218 dicam
720 2174 810 2217 alio
833 2174 943 2230 loco,
971 2178 1018 2216 et
1040 2173 1108 2216 ita
1130 2172 1291 2230 dicam,
1320 2173 1536 2230 Quirites,

70 2255 75 2259 '
141 2259 194 2296 ut
232 2266 379 2310 neque
419 2266 528 2294 vera
565 2251 666 2294 laus
701 2251 742 2294 ei
776 2250 984 2294 detracta
1017 2250 1224 2294 oratione
1260 2266 1361 2294 mea
1395 2266 1542 2310 neque

141 2329 258 2373 falsa
279 2327 447 2372 adficta
471 2342 567 2371 esse
590 2327 806 2370 videatur
825 2343 832 2370 :
867 2326 923 2369 de
946 2326 1089 2369 vestri
1112 2326 1294 2384 imperii
1316 2326 1543 2384 dignitate

140 2409 279 2463 atque
312 2403 468 2461 gloria,
501 2404 718 2462 quoniam
751 2403 791 2446 is
823 2407 893 2446 est
923 2417 1112 2446 exorsus
1145 2403 1365 2446 orationis
1398 2419 1536 2461 meae,

142 2478 295 2526 videte
318 2492 454 2536 quem
477 2478 607 2522 vobis
629 2478 835 2521 animum
859 2477 1199 2535 suscipiendum
1223 2478 1407 2535 putetis.

236 2554 295 2598 V.
355 2554 556 2598 Maiores
573 2553 720 2597 nostri
743 2568 889 2611 saepe,
915 2554 1244 2597 mercatoribus
1257 2558 1340 2597 aut
1358 2554 1542 2598 navicu-

142 2632 269 2676 lariis
292 2632 457 2675 vestris
470 2631 738 2675 iniuriosius
760 2630 984 2686 tractatis,
1004 2629 1124 2673 bella
1145 2633 1407 2688 gesserunt:
1444 2644 1535 2687 voa,
