1702 2826
378 171 470 215 DE
509 169 794 216 IMPERIO
839 167 939 216 GN.
986 167 1252 214 POMPEI.
1461 166 1516 211 19

126 293 340 348 Quirites,
349 292 438 336 nisi
455 291 512 335 ad
527 292 677 350 ipsum
695 290 937 334 discrimen
952 290 1050 333 eius
1062 289 1282 347 temporis
1295 287 1520 332 divinitus

125 368 207 414 On.
232 368 501 427 Pompeium
524 367 582 412 ad
606 382 682 411 eas
704 366 911 425 regiones
927 365 1116 410 fortuna
1137 364 1295 424 populi
1319 363 1517 408 Romani

123 443 365 489 attulisset.
433 443 591 487 Huius
623 442 852 487 adventus
883 446 931 486 et
969 440 1294 485 Mithridatem
1332 439 1520 483 insolita

122 521 334 565 inflatum
358 520 550 564 victoria
572 519 802 563 continuit
827 522 875 562 et
901 518 1144 576 Tigranem
1174 516 1352 574 magnis
1378 515 1519 574 copiis

123 595 413 639 minitantem
435 595 578 639 Asiae
600 593 866 638 retardavit.
934 592 999 636 Et
1014 592 1255 651 quisquam
1271 591 1515 645 dubitabit,

123 671 233 729 quid
269 672 441 716 virtute
478 671 763 730 perfecturus
801 669 873 724 sit,
905 668 985 727 qui
1022 673 1207 712 tantum
1242 666 1518 712 auctoritate

121 747 383 806 perfecerit?
428 753 511 792 aut
548 763 685 806 quam
723 747 855 790 facile
897 747 1089 804 imperio
1132 751 1271 804 atque
1314 745 1518 789 exercitu

121 823 264 867 socios
290 828 337 867 et
368 824 608 882 vectigalia
640 827 991 867 conservaturus
1013 822 1087 877 sit,
1112 821 1191 880 qui
1213 822 1312 880 ipso
1333 820 1518 865 nomine

121 916 174 945 ac
217 917 398 946 rumore
440 902 722 947 defenderit'l
807 902 948 946 XVI.
1028 902 1131 960 Age
1174 916 1283 945 vero
1324 900 1405 944 illa
1448 915 1519 944 res
1540 901 1598 946 46

122 982 343 1034 quantam
365 977 566 1023 declarat
595 977 797 1021 eiusdem
821 977 1020 1021 hominis
1041 975 1165 1035 apud
1187 976 1340 1020 hostes
1360 975 1518 1034 populi

123 1054 321 1098 Romani
353 1054 687 1111 auctoritatem,
725 1053 847 1112 quod
880 1068 937 1097 ex
980 1053 1090 1096 locis
1123 1057 1219 1096 tam
1257 1051 1519 1109 longinquis

121 1135 307 1188 tamque
329 1129 522 1174 diversis
543 1134 640 1173 tam
661 1129 792 1173 brevi
817 1133 1022 1187 tempore
1045 1142 1202 1172 omnes
1230 1127 1337 1171 huic
1363 1141 1410 1170 se
1437 1127 1517 1169 uni

121 1203 420 1249 dediderunt:
465 1203 587 1262 quod
627 1203 914 1247 Cretensium
952 1203 1104 1261 legati,
1137 1217 1240 1246 cum
1274 1202 1325 1245 in
1362 1216 1518 1245 eorum

120 1279 271 1323 insula
313 1284 469 1324 noster
510 1279 760 1338 imperator
802 1279 1121 1337 exercitusque
1165 1282 1295 1333 esset,
1336 1277 1394 1321 ad
1434 1276 1515 1321 On.

121 1353 389 1412 Pompeium
422 1354 473 1397 in
504 1354 692 1398 ultimas
725 1370 864 1413 prope
893 1359 1040 1399 terras
1061 1358 1289 1399 venerunt
1318 1354 1450 1412 eique
1472 1368 1519 1397 se

120 1444 276 1474 omnes
320 1429 608 1473 Cretensium
652 1431 864 1474 civitates
907 1430 1072 1475 dedere
1116 1430 1234 1474 velle
1277 1430 1518 1474 dixerunt!

122 1505 267 1558 Quid2
314 1505 436 1549 idcm
468 1505 556 1549 iste
588 1506 888 1550 Mithridates
920 1522 1072 1551 nonne
1104 1507 1163 1551 ad
1198 1507 1392 1551 eundem
1433 1506 1513 1550 Cn.

121 1580 389 1639 Pompeium
422 1580 624 1638 legatum
658 1595 803 1639 usque
835 1581 885 1624 in
918 1581 1197 1640 Hispaniam
1230 1582 1379 1626 misit‘e
1412 1596 1516 1625 eum

119 1671 255 1715 quem
288 1656 535 1715 Pompeius
567 1657 769 1715 legatum
803 1672 982 1716 semper
1012 1657 1248 1714 iudicavit,
1276 1658 1322 1713 ii,
1352 1657 1518 1716 quibus

120 1737 219 1776 erat
240 1733 481 1777 molestum
505 1732 564 1776 ad
588 1747 692 1776 eum
715 1717 1005 1790 potissimum
1028 1748 1124 1777 esse
1146 1733 1348 1789 missum,
1365 1748 1516 1792 specu-

120 1808 311 1852 latorem
344 1823 481 1867 quam
514 1807 716 1865 legatum
749 1807 942 1851 iudicari
974 1808 1248 1852 maluerunt.
1317 1808 1518 1852 Potestis

120 1882 263 1940 igitur
303 1882 394 1927 iam
439 1884 730 1938 constituere,
772 1883 989 1938 Quirites,
1017 1883 1136 1928 hanc
1180 1885 1514 1939 auctoritatem,

120 1956 279 2001 multis
306 1961 465 2016 postea
498 1957 633 2001 rebus
664 1957 805 2015 gestis
837 1957 1105 2015 magnisque
1138 1958 1303 2001 vestris
1334 1958 1517 2003 iudiciis

119 2032 455 2090 amplificatam,
474 2037 700 2091 quantum
722 2032 844 2090 apud
867 2032 970 2076 ilios
992 2048 1132 2090 reges,
1151 2038 1375 2091 quantum
1392 2034 1514 2093 apud

120 2113 300 2151 exteras
321 2108 532 2152 nationes
554 2107 803 2151 valituram
826 2123 923 2152 esse
945 2109 1230 2152 existimetis.

212 2183 462 2242 Reliquum
485 2189 554 2228 est
576 2189 629 2227 ut
652 2184 708 2228 de
729 2183 962 2242 felicitate,
983 2200 1121 2243 quam
1144 2190 1376 2243 praestare
1398 2185 1455 2230 de
1469 2201 1516 2230 se
1538 2198 1595 2241 47

119 2260 218 2317 ipso
238 2273 373 2302 nemo
395 2263 557 2316 potest,
578 2259 837 2302 meminisse
860 2263 907 2303 et
921 2274 1272 2304 commemorare
1294 2260 1350 2304 de
1371 2260 1517 2304 altero

119 2348 370 2392 possumus,
419 2334 537 2378 sicut
578 2349 775 2392 aequum
820 2340 889 2379 est
932 2335 1139 2379 homines
1182 2336 1238 2380 de
1290 2340 1517 2395 potestate

120 2409 320 2467 deorum,
371 2410 530 2454 timide
572 2415 619 2454 et
662 2426 806 2469 pauca
849 2411 1062 2455 dicamus.
1147 2411 1245 2470 Ego
1289 2412 1410 2456 enim
1453 2413 1518 2456 sic

121 2485 346 2543 existimo,
375 2485 595 2539 Maximo,
622 2486 853 2541 Marcello,
875 2485 1087 2544 Scipioni,
1114 2486 1265 2531 Mario
1287 2492 1335 2531 et
1356 2488 1518 2532 ceteris

121 2562 298 2622 magnis
317 2562 670 2620 imperatoribus
691 2578 784 2606 non
807 2563 953 2607 solum
975 2568 1162 2622 propter
1184 2564 1418 2622 virtutem,
1438 2563 1516 2609 sed

120 2637 259 2682 etiam
276 2642 462 2696 propter
477 2637 711 2680 fortunam
735 2638 914 2696 saepius
935 2638 1127 2697 imperia
1143 2639 1361 2684 mandata
1378 2644 1515 2700 atqm}
