<?xml version="1.0" encoding="UTF-8"?>
<!DOCTYPE html PUBLIC "-//W3C//DTD XHTML 1.0 Transitional//EN"
    "http://www.w3.org/TR/xhtml1/DTD/xhtml1-transitional.dtd">
<html xmlns="http://www.w3.org/1999/xhtml" xml:lang="en" lang="en">
 <head>
  <title>
</title>
<meta http-equiv="Content-Type" content="text/html;charset=utf-8" />
  <meta name='ocr-system' content='tesseract 3.04.00' />
  <meta name='ocr-capabilities' content='ocr_page ocr_carea ocr_par ocr_line ocrx_word'/>
</head>
<body>
  <div class='ocr_page' id='page_1' title='image "./deimperiognaeipo00ciceuoft_0067.png"; bbox 0 0 1702 2826; ppageno 0'>
   <div class='ocr_carea' id='block_1_1' title="bbox 403 96 1537 143">
    <p class='ocr_par' dir='ltr' id='par_1_1' title="bbox 403 96 1537 143">
     <span class='ocr_line' id='line_1_1' title="bbox 403 96 1537 143; baseline -0.003 0"><span class='ocrx_word' id='word_1_1' title='bbox 403 100 498 143; x_wconf 77' lang='lat' dir='ltr'><strong>DE</strong></span> <span class='ocrx_word' id='word_1_2' title='bbox 535 98 825 143; x_wconf 58' lang='lat' dir='ltr'><strong>&gt;IMPERIO</strong></span> <span class='ocrx_word' id='word_1_3' title='bbox 874 97 973 143; x_wconf 77' lang='lat' dir='ltr'><strong>GN.</strong></span> <span class='ocrx_word' id='word_1_4' title='bbox 1024 97 1288 143; x_wconf 83' lang='lat' dir='ltr'><em>POMPEI.</em></span> <span class='ocrx_word' id='word_1_5' title='bbox 1510 96 1537 140; x_wconf 86' lang='grc'><strong>9</strong></span> 
     </span>
    </p>
   </div>
   <div class='ocr_carea' id='block_1_2' title="bbox 114 218 1612 2628">
    <p class='ocr_par' dir='ltr' id='par_1_2' title="bbox 138 218 1612 1642">
     <span class='ocr_line' id='line_1_2' title="bbox 144 218 1539 283; baseline -0.006 -15"><span class='ocrx_word' id='word_1_6' title='bbox 144 239 282 283; x_wconf 89' lang='lat' dir='ltr'><strong>quam</strong></span> <span class='ocrx_word' id='word_1_7' title='bbox 305 224 354 268; x_wconf 90' lang='lat' dir='ltr'><strong>L.</strong></span> <span class='ocrx_word' id='word_1_8' title='bbox 382 222 601 266; x_wconf 81' lang='lat' dir='ltr'><strong>Lucullus</strong></span> <span class='ocrx_word' id='word_1_9' title='bbox 624 221 810 276; x_wconf 87' lang='lat' dir='ltr'><strong>virtute,</strong></span> <span class='ocrx_word' id='word_1_10' title='bbox 835 220 1119 275; x_wconf 73' lang='lat' dir='ltr'><strong>assiduitate,</strong></span> <span class='ocrx_word' id='word_1_11' title='bbox 1139 218 1327 263; x_wconf 88' lang='lat' dir='ltr'><strong>consilio</strong></span> <span class='ocrx_word' id='word_1_12' title='bbox 1350 218 1539 261; x_wconf 90' lang='lat' dir='ltr'><strong>summis</strong></span> 
     </span>
     <span class='ocr_line' id='line_1_3' title="bbox 143 292 1611 355; baseline -0.004 -12"><span class='ocrx_word' id='word_1_13' title='bbox 143 298 393 343; x_wconf 83' lang='lat' dir='ltr'><strong>obsidionis</strong></span> <span class='ocrx_word' id='word_1_14' title='bbox 435 296 648 355; x_wconf 90' lang='lat' dir='ltr'><strong>periculis</strong></span> <span class='ocrx_word' id='word_1_15' title='bbox 685 295 927 339; x_wconf 89' lang='lat' dir='ltr'><strong>liberavit:</strong></span> <span class='ocrx_word' id='word_1_16' title='bbox 972 294 1030 337; x_wconf 92' lang='lat' dir='ltr'><strong>ab</strong></span> <span class='ocrx_word' id='word_1_17' title='bbox 1069 292 1227 338; x_wconf 91' lang='lat' dir='ltr'><strong>eodem</strong></span> <span class='ocrx_word' id='word_1_18' title='bbox 1264 293 1539 350; x_wconf 75' lang='lat' dir='ltr'><strong>imperatore</strong></span> <span class='ocrx_word' id='word_1_19' title='bbox 1561 294 1611 337; x_wconf 88' lang='lat'><strong>21</strong></span> 
     </span>
     <span class='ocr_line' id='line_1_4' title="bbox 143 367 1540 430; baseline -0.005 -13"><span class='ocrx_word' id='word_1_20' title='bbox 143 373 329 417; x_wconf 75' lang='lat' dir='ltr'><strong>classem</strong></span> <span class='ocrx_word' id='word_1_21' title='bbox 351 386 564 430; x_wconf 88' lang='lat' dir='ltr'><strong>magnam</strong></span> <span class='ocrx_word' id='word_1_22' title='bbox 586 376 633 415; x_wconf 91' lang='lat' dir='ltr'><strong>et</strong></span> <span class='ocrx_word' id='word_1_23' title='bbox 654 375 877 425; x_wconf 89' lang='lat' dir='ltr'><strong>ornatam,</strong></span> <span class='ocrx_word' id='word_1_24' title='bbox 902 384 1019 428; x_wconf 90' lang='lat' dir='ltr'><strong>quae</strong></span> <span class='ocrx_word' id='word_1_25' title='bbox 1050 368 1242 412; x_wconf 89' lang='lat' dir='ltr'><strong>ducibus</strong></span> <span class='ocrx_word' id='word_1_26' title='bbox 1265 367 1540 411; x_wconf 83' lang='lat' dir='ltr'><strong>Sertorianis</strong></span> 
     </span>
     <span class='ocr_line' id='line_1_5' title="bbox 143 447 1539 504; baseline -0.004 -11"><span class='ocrx_word' id='word_1_27' title='bbox 143 448 203 493; x_wconf 89' lang='lat' dir='ltr'><strong>ad</strong></span> <span class='ocrx_word' id='word_1_28' title='bbox 224 449 410 492; x_wconf 84' lang='lat' dir='ltr'><strong>Italiam</strong></span> <span class='ocrx_word' id='word_1_29' title='bbox 423 448 577 492; x_wconf 89' lang='lat' dir='ltr'><strong>studio</strong></span> <span class='ocrx_word' id='word_1_30' title='bbox 590 447 876 491; x_wconf 89' lang='lat' dir='ltr'><strong>inflammata</strong></span> <span class='ocrx_word' id='word_1_31' title='bbox 893 450 1143 504; x_wconf 83' lang='lat' dir='ltr'><strong>raperetur,</strong></span> <span class='ocrx_word' id='word_1_32' title='bbox 1163 449 1425 502; x_wconf 84' lang='lat' dir='ltr'><strong>superatam</strong></span> <span class='ocrx_word' id='word_1_33' title='bbox 1443 458 1539 487; x_wconf 90' lang='lat' dir='ltr'><strong>esse</strong></span> 
     </span>
     <span class='ocr_line' id='line_1_6' title="bbox 143 520 1540 583; baseline -0.003 -15"><span class='ocrx_word' id='word_1_34' title='bbox 143 529 282 583; x_wconf 89' lang='lat' dir='ltr'><strong>atque</strong></span> <span class='ocrx_word' id='word_1_35' title='bbox 313 523 599 582; x_wconf 80' lang='lat' dir='ltr'><strong>depressam3</strong></span> <span class='ocrx_word' id='word_1_36' title='bbox 644 538 833 581; x_wconf 88' lang='lat' dir='ltr'><strong>magnas</strong></span> <span class='ocrx_word' id='word_1_37' title='bbox 865 523 1065 566; x_wconf 91' lang='lat' dir='ltr'><strong>hostium</strong></span> <span class='ocrx_word' id='word_1_38' title='bbox 1109 526 1345 580; x_wconf 87' lang='lat' dir='ltr'><strong>praeterea</strong></span> <span class='ocrx_word' id='word_1_39' title='bbox 1388 520 1540 578; x_wconf 88' lang='lat' dir='ltr'><strong>copias</strong></span> 
     </span>
     <span class='ocr_line' id='line_1_7' title="bbox 143 597 1539 658; baseline -0.002 -15"><span class='ocrx_word' id='word_1_40' title='bbox 143 599 302 643; x_wconf 89' lang='lat' dir='ltr'><strong>multis</strong></span> <span class='ocrx_word' id='word_1_41' title='bbox 343 599 528 658; x_wconf 86' lang='lat' dir='ltr'><strong>proeliis</strong></span> <span class='ocrx_word' id='word_1_42' title='bbox 571 614 666 642; x_wconf 91' lang='lat' dir='ltr'><strong>esse</strong></span> <span class='ocrx_word' id='word_1_43' title='bbox 720 598 894 643; x_wconf 90' lang='lat' dir='ltr'><strong>deletas</strong></span> <span class='ocrx_word' id='word_1_44' title='bbox 946 597 1317 657; x_wconf 87' lang='lat' dir='ltr'><strong>patefactumque</strong></span> <span class='ocrx_word' id='word_1_45' title='bbox 1370 598 1539 641; x_wconf 89' lang='lat' dir='ltr'><strong>nostris</strong></span> 
     </span>
     <span class='ocr_line' id='line_1_8' title="bbox 143 673 1538 735; baseline -0.003 -15"><span class='ocrx_word' id='word_1_46' title='bbox 143 676 397 735; x_wconf 87' lang='lat' dir='ltr'><strong>legionibus</strong></span> <span class='ocrx_word' id='word_1_47' title='bbox 430 691 526 719; x_wconf 89' lang='lat' dir='ltr'><strong>esse</strong></span> <span class='ocrx_word' id='word_1_48' title='bbox 554 675 769 730; x_wconf 88' lang='lat' dir='ltr'><strong>Pontum,</strong></span> <span class='ocrx_word' id='word_1_49' title='bbox 795 676 874 734; x_wconf 92' lang='lat' dir='ltr'><strong>qui</strong></span> <span class='ocrx_word' id='word_1_50' title='bbox 896 680 1034 719; x_wconf 89' lang='lat' dir='ltr'><strong>antea</strong></span> <span class='ocrx_word' id='word_1_51' title='bbox 1055 673 1224 733; x_wconf 87' lang='lat' dir='ltr'><strong>populo</strong></span> <span class='ocrx_word' id='word_1_52' title='bbox 1249 674 1458 717; x_wconf 87' lang='lat' dir='ltr'><strong>Romano</strong></span> <span class='ocrx_word' id='word_1_53' title='bbox 1482 689 1538 717; x_wconf 84' lang='lat' dir='ltr'><strong>ex</strong></span> 
     </span>
     <span class='ocr_line' id='line_1_9' title="bbox 143 750 1536 809; baseline -0.003 -13"><span class='ocrx_word' id='word_1_54' title='bbox 143 753 267 796; x_wconf 82' lang='lat' dir='ltr'><strong>omni</strong></span> <span class='ocrx_word' id='word_1_55' title='bbox 299 753 430 796; x_wconf 91' lang='lat' dir='ltr'><strong>aditu</strong></span> <span class='ocrx_word' id='word_1_56' title='bbox 462 752 642 795; x_wconf 87' lang='lat' dir='ltr'><strong>clausus</strong></span> <span class='ocrx_word' id='word_1_57' title='bbox 674 751 857 806; x_wconf 68' lang='lat' dir='ltr'><strong>fuisset,</strong></span> <span class='ocrx_word' id='word_1_58' title='bbox 903 751 1103 809; x_wconf 80' lang='lat' dir='ltr'><strong>Sinopen</strong></span> <span class='ocrx_word' id='word_1_59' title='bbox 1135 754 1275 808; x_wconf 90' lang='lat' dir='ltr'><strong>atque</strong></span> <span class='ocrx_word' id='word_1_60' title='bbox 1309 750 1536 805; x_wconf 88' lang='lat' dir='ltr'><strong>Amisum,</strong></span> 
     </span>
     <span class='ocr_line' id='line_1_10' title="bbox 143 826 1539 887; baseline -0.001 -16"><span class='ocrx_word' id='word_1_61' title='bbox 143 828 308 887; x_wconf 89' lang='lat' dir='ltr'><strong>quibus</strong></span> <span class='ocrx_word' id='word_1_62' title='bbox 329 828 380 871; x_wconf 89' lang='lat' dir='ltr'><strong>in</strong></span> <span class='ocrx_word' id='word_1_63' title='bbox 401 827 580 886; x_wconf 84' lang='lat' dir='ltr'><strong>oppidis</strong></span> <span class='ocrx_word' id='word_1_64' title='bbox 603 832 735 871; x_wconf 90' lang='lat' dir='ltr'><strong>erant</strong></span> <span class='ocrx_word' id='word_1_65' title='bbox 757 827 986 871; x_wconf 90' lang='lat' dir='ltr'><strong>domicilia</strong></span> <span class='ocrx_word' id='word_1_66' title='bbox 1016 827 1145 885; x_wconf 86' lang='lat' dir='ltr'><strong>regis,</strong></span> <span class='ocrx_word' id='word_1_67' title='bbox 1170 826 1382 870; x_wconf 89' lang='lat' dir='ltr'><strong>omnibus</strong></span> <span class='ocrx_word' id='word_1_68' title='bbox 1403 827 1539 870; x_wconf 87' lang='lat' dir='ltr'><strong>rebus</strong></span> 
     </span>
     <span class='ocr_line' id='line_1_11' title="bbox 142 901 1538 961; baseline -0.002 -14"><span class='ocrx_word' id='word_1_69' title='bbox 142 908 327 947; x_wconf 88' lang='lat' dir='ltr'><strong>ornatas</strong></span> <span class='ocrx_word' id='word_1_70' title='bbox 348 907 487 961; x_wconf 90' lang='lat' dir='ltr'><strong>atque</strong></span> <span class='ocrx_word' id='word_1_71' title='bbox 510 902 713 956; x_wconf 78' lang='lat' dir='ltr'><strong>refertas,</strong></span> <span class='ocrx_word' id='word_1_72' title='bbox 739 907 1001 961; x_wconf 88' lang='lat' dir='ltr'><strong>ceterasque</strong></span> <span class='ocrx_word' id='word_1_73' title='bbox 1034 902 1169 945; x_wconf 90' lang='lat' dir='ltr'><strong>urbes</strong></span> <span class='ocrx_word' id='word_1_74' title='bbox 1192 901 1332 944; x_wconf 87' lang='lat' dir='ltr'><strong>Ponti</strong></span> <span class='ocrx_word' id='word_1_75' title='bbox 1357 906 1402 944; x_wconf 92' lang='lat' dir='ltr'><strong>et</strong></span> <span class='ocrx_word' id='word_1_76' title='bbox 1426 901 1538 959; x_wconf 79' lang='lat' dir='ltr'><strong>Cap-</strong></span> 
     </span>
     <span class='ocr_line' id='line_1_12' title="bbox 142 979 1537 1038; baseline 0 -15"><span class='ocrx_word' id='word_1_77' title='bbox 142 979 357 1038; x_wconf 89' lang='lat' dir='ltr'><strong>padociae</strong></span> <span class='ocrx_word' id='word_1_78' title='bbox 378 979 629 1037; x_wconf 76' lang='lat' dir='ltr'><strong>permultas</strong></span> <span class='ocrx_word' id='word_1_79' title='bbox 651 994 743 1022; x_wconf 91' lang='lat' dir='ltr'><strong>uno</strong></span> <span class='ocrx_word' id='word_1_80' title='bbox 765 979 895 1022; x_wconf 87' lang='lat' dir='ltr'><strong>aditu</strong></span> <span class='ocrx_word' id='word_1_81' title='bbox 926 979 1220 1037; x_wconf 84' lang='lat' dir='ltr'><strong>adventuque</strong></span> <span class='ocrx_word' id='word_1_82' title='bbox 1242 994 1338 1022; x_wconf 90' lang='lat' dir='ltr'><strong>esse</strong></span> <span class='ocrx_word' id='word_1_83' title='bbox 1360 984 1537 1036; x_wconf 79' lang='lat' dir='ltr'><strong>captas3</strong></span> 
     </span>
     <span class='ocr_line' id='line_1_13' title="bbox 142 1053 1537 1114; baseline -0.001 -15"><span class='ocrx_word' id='word_1_84' title='bbox 142 1070 292 1114; x_wconf 88' lang='lat' dir='ltr'><strong>regem</strong></span> <span class='ocrx_word' id='word_1_85' title='bbox 322 1055 568 1114; x_wconf 86' lang='lat' dir='ltr'><strong>spoliatum</strong></span> <span class='ocrx_word' id='word_1_86' title='bbox 601 1069 741 1112; x_wconf 83' lang='lat' dir='ltr'><strong>regno</strong></span> <span class='ocrx_word' id='word_1_87' title='bbox 768 1054 919 1112; x_wconf 89' lang='lat' dir='ltr'><strong>patrio</strong></span> <span class='ocrx_word' id='word_1_88' title='bbox 949 1059 1088 1113; x_wconf 90' lang='lat' dir='ltr'><strong>atque</strong></span> <span class='ocrx_word' id='word_1_89' title='bbox 1117 1054 1244 1097; x_wconf 82' lang='lat' dir='ltr'><strong>avito</strong></span> <span class='ocrx_word' id='word_1_90' title='bbox 1274 1053 1333 1097; x_wconf 90' lang='lat' dir='ltr'><strong>ad</strong></span> <span class='ocrx_word' id='word_1_91' title='bbox 1355 1054 1468 1097; x_wconf 88' lang='lat' dir='ltr'><strong>alios</strong></span> <span class='ocrx_word' id='word_1_92' title='bbox 1491 1069 1537 1098; x_wconf 85' lang='lat' dir='ltr'><strong>se</strong></span> 
     </span>
     <span class='ocr_line' id='line_1_14' title="bbox 141 1129 1536 1189; baseline -0.001 -15"><span class='ocrx_word' id='word_1_93' title='bbox 141 1145 268 1188; x_wconf 86' lang='lat' dir='ltr'><strong>reges</strong></span> <span class='ocrx_word' id='word_1_94' title='bbox 297 1135 436 1189; x_wconf 88' lang='lat' dir='ltr'><strong>atque</strong></span> <span class='ocrx_word' id='word_1_95' title='bbox 461 1130 518 1172; x_wconf 88' lang='lat' dir='ltr'><strong>ad</strong></span> <span class='ocrx_word' id='word_1_96' title='bbox 548 1129 662 1173; x_wconf 88' lang='lat' dir='ltr'><strong>alias</strong></span> <span class='ocrx_word' id='word_1_97' title='bbox 691 1134 849 1187; x_wconf 87' lang='lat' dir='ltr'><strong>gentes</strong></span> <span class='ocrx_word' id='word_1_98' title='bbox 878 1130 1128 1188; x_wconf 87' lang='lat' dir='ltr'><strong>supplicem</strong></span> <span class='ocrx_word' id='word_1_99' title='bbox 1158 1129 1403 1173; x_wconf 87' lang='lat' dir='ltr'><strong>contulisse</strong></span> <span class='ocrx_word' id='word_1_100' title='bbox 1426 1146 1434 1172; x_wconf 80' lang='lat' dir='ltr'>z</span> <span class='ocrx_word' id='word_1_101' title='bbox 1473 1140 1536 1172; x_wconf 85' lang='lat' dir='ltr'><strong>at-</strong></span> 
     </span>
     <span class='ocr_line' id='line_1_15' title="bbox 140 1206 1536 1266; baseline 0.001 -15"><span class='ocrx_word' id='word_1_102' title='bbox 140 1222 228 1266; x_wconf 89' lang='lat' dir='ltr'><strong>que</strong></span> <span class='ocrx_word' id='word_1_103' title='bbox 271 1207 381 1251; x_wconf 89' lang='lat' dir='ltr'><strong>haec</strong></span> <span class='ocrx_word' id='word_1_104' title='bbox 424 1207 578 1250; x_wconf 88' lang='lat' dir='ltr'><strong>omnia</strong></span> <span class='ocrx_word' id='word_1_105' title='bbox 620 1206 759 1250; x_wconf 86' lang='lat' dir='ltr'><strong>salvis</strong></span> <span class='ocrx_word' id='word_1_106' title='bbox 793 1207 951 1265; x_wconf 92' lang='lat' dir='ltr'><strong>populi</strong></span> <span class='ocrx_word' id='word_1_107' title='bbox 991 1207 1191 1251; x_wconf 85' lang='lat' dir='ltr'><strong>Romani</strong></span> <span class='ocrx_word' id='word_1_108' title='bbox 1229 1208 1360 1251; x_wconf 85' lang='lat' dir='ltr'><strong>sociis</strong></span> <span class='ocrx_word' id='word_1_109' title='bbox 1397 1213 1536 1266; x_wconf 86' lang='lat' dir='ltr'><strong>atque</strong></span> 
     </span>
     <span class='ocr_line' id='line_1_16' title="bbox 138 1283 1535 1342; baseline 0.001 -15"><span class='ocrx_word' id='word_1_110' title='bbox 138 1283 331 1342; x_wconf 82' lang='lat' dir='ltr'><strong>integris</strong></span> <span class='ocrx_word' id='word_1_111' title='bbox 354 1283 653 1341; x_wconf 86' lang='lat' dir='ltr'><strong>vectigalibus</strong></span> <span class='ocrx_word' id='word_1_112' title='bbox 670 1297 766 1326; x_wconf 90' lang='lat' dir='ltr'><strong>esse</strong></span> <span class='ocrx_word' id='word_1_113' title='bbox 787 1287 925 1340; x_wconf 88' lang='lat' dir='ltr'><strong>gesta.</strong></span> <span class='ocrx_word' id='word_1_114' title='bbox 996 1283 1118 1327; x_wconf 84' lang='lat' dir='ltr'><strong>Satis</strong></span> <span class='ocrx_word' id='word_1_115' title='bbox 1136 1284 1299 1342; x_wconf 87' lang='lat' dir='ltr'><strong>opinor</strong></span> <span class='ocrx_word' id='word_1_116' title='bbox 1314 1283 1426 1328; x_wconf 90' lang='lat' dir='ltr'><strong>haec</strong></span> <span class='ocrx_word' id='word_1_117' title='bbox 1439 1299 1535 1328; x_wconf 85' lang='lat' dir='ltr'><strong>esse</strong></span> 
     </span>
     <span class='ocr_line' id='line_1_17' title="bbox 138 1358 1535 1418; baseline 0 -14"><span class='ocrx_word' id='word_1_118' title='bbox 138 1359 300 1414; x_wconf 89' lang='lat' dir='ltr'><strong>laudis,</strong></span> <span class='ocrx_word' id='word_1_119' title='bbox 335 1364 474 1418; x_wconf 90' lang='lat' dir='ltr'><strong>atque</strong></span> <span class='ocrx_word' id='word_1_120' title='bbox 507 1360 586 1415; x_wconf 91' lang='lat' dir='ltr'><strong>ita,</strong></span> <span class='ocrx_word' id='word_1_121' title='bbox 621 1358 837 1413; x_wconf 80' lang='lat' dir='ltr'><strong>Quirites,</strong></span> <span class='ocrx_word' id='word_1_122' title='bbox 863 1363 918 1402; x_wconf 94' lang='lat' dir='ltr'><strong>ut</strong></span> <span class='ocrx_word' id='word_1_123' title='bbox 949 1359 1035 1403; x_wconf 90' lang='lat' dir='ltr'><strong>hoc</strong></span> <span class='ocrx_word' id='word_1_124' title='bbox 1067 1375 1148 1403; x_wconf 86' lang='lat' dir='ltr'><strong>vos</strong></span> <span class='ocrx_word' id='word_1_125' title='bbox 1180 1360 1472 1418; x_wconf 87' lang='lat' dir='ltr'><strong>intellegatis,</strong></span> <span class='ocrx_word' id='word_1_126' title='bbox 1507 1376 1535 1404; x_wconf 86' lang='lat' dir='ltr'><strong>a</strong></span> 
     </span>
     <span class='ocr_line' id='line_1_18' title="bbox 138 1433 1531 1493; baseline 0.001 -15"><span class='ocrx_word' id='word_1_127' title='bbox 138 1433 267 1478; x_wconf 90' lang='lat' dir='ltr'><strong>nullo</strong></span> <span class='ocrx_word' id='word_1_128' title='bbox 295 1434 501 1491; x_wconf 89' lang='lat' dir='ltr'><strong>istorum,</strong></span> <span class='ocrx_word' id='word_1_129' title='bbox 530 1434 608 1492; x_wconf 93' lang='lat' dir='ltr'><strong>qui</strong></span> <span class='ocrx_word' id='word_1_130' title='bbox 641 1434 748 1477; x_wconf 91' lang='lat' dir='ltr'><strong>huic</strong></span> <span class='ocrx_word' id='word_1_131' title='bbox 774 1435 1035 1479; x_wconf 88' lang='lat' dir='ltr'><strong>obtrectant</strong></span> <span class='ocrx_word' id='word_1_132' title='bbox 1066 1434 1155 1492; x_wconf 86' lang='lat' dir='ltr'><strong>legi</strong></span> <span class='ocrx_word' id='word_1_133' title='bbox 1187 1439 1326 1493; x_wconf 91' lang='lat' dir='ltr'><strong>atque</strong></span> <span class='ocrx_word' id='word_1_134' title='bbox 1359 1449 1531 1491; x_wconf 85' lang='lat' dir='ltr'><strong>causae,</strong></span> 
     </span>
     <span class='ocr_line' id='line_1_19' title="bbox 139 1510 1394 1555; baseline 0 -1"><span class='ocrx_word' id='word_1_135' title='bbox 139 1510 189 1554; x_wconf 91' lang='lat' dir='ltr'><strong>L.</strong></span> <span class='ocrx_word' id='word_1_136' title='bbox 217 1510 460 1554; x_wconf 89' lang='lat' dir='ltr'><strong>Lucullum</strong></span> <span class='ocrx_word' id='word_1_137' title='bbox 484 1510 696 1554; x_wconf 88' lang='lat' dir='ltr'><strong>similiter</strong></span> <span class='ocrx_word' id='word_1_138' title='bbox 718 1525 776 1554; x_wconf 86' lang='lat' dir='ltr'><strong>ex</strong></span> <span class='ocrx_word' id='word_1_139' title='bbox 797 1510 882 1554; x_wconf 93' lang='lat' dir='ltr'><strong>hoc</strong></span> <span class='ocrx_word' id='word_1_140' title='bbox 903 1510 1001 1554; x_wconf 90' lang='lat' dir='ltr'><strong>loco</strong></span> <span class='ocrx_word' id='word_1_141' title='bbox 1024 1525 1120 1555; x_wconf 89' lang='lat' dir='ltr'><strong>esse</strong></span> <span class='ocrx_word' id='word_1_142' title='bbox 1142 1510 1394 1554; x_wconf 87' lang='lat' dir='ltr'><strong>laudatum.</strong></span> 
     </span>
     <span class='ocr_line' id='line_1_20' title="bbox 234 1583 1612 1642; baseline 0.004 -16"><span class='ocrx_word' id='word_1_143' title='bbox 234 1583 321 1627; x_wconf 89' lang='lat' dir='ltr'><strong>IX.</strong></span> <span class='ocrx_word' id='word_1_144' title='bbox 390 1583 672 1642; x_wconf 88' lang='lat' dir='ltr'><strong>Requiretur</strong></span> <span class='ocrx_word' id='word_1_145' title='bbox 704 1583 898 1628; x_wconf 81' lang='lat' dir='ltr'><strong>fortasse</strong></span> <span class='ocrx_word' id='word_1_146' title='bbox 924 1599 1058 1638; x_wconf 91' lang='lat' dir='ltr'><strong>nunc,</strong></span> <span class='ocrx_word' id='word_1_147' title='bbox 1085 1599 1219 1642; x_wconf 91' lang='lat' dir='ltr'><strong>quem</strong></span> <span class='ocrx_word' id='word_1_148' title='bbox 1252 1585 1311 1628; x_wconf 89' lang='lat' dir='ltr'><strong>ad</strong></span> <span class='ocrx_word' id='word_1_149' title='bbox 1333 1585 1532 1640; x_wconf 88' lang='lat' dir='ltr'><strong>modum,</strong></span> <span class='ocrx_word' id='word_1_150' title='bbox 1556 1590 1612 1633; x_wconf 86' lang='lat'><strong>22</strong></span> 
     </span>
    </p>

    <p class='ocr_par' dir='ltr' id='par_1_3' title="bbox 114 1647 1535 2628">
     <span class='ocr_line' id='line_1_21' title="bbox 114 1647 1531 1717; baseline 0.001 -15"><span class='ocrx_word' id='word_1_151' title='bbox 114 1647 118 1653; x_wconf 50' lang='grc'><strong>’</strong></span> <span class='ocrx_word' id='word_1_152' title='bbox 138 1673 240 1702; x_wconf 91' lang='lat' dir='ltr'><strong>cum</strong></span> <span class='ocrx_word' id='word_1_153' title='bbox 262 1657 374 1702; x_wconf 88' lang='lat' dir='ltr'><strong>haec</strong></span> <span class='ocrx_word' id='word_1_154' title='bbox 393 1658 461 1701; x_wconf 91' lang='lat' dir='ltr'><strong>ita</strong></span> <span class='ocrx_word' id='word_1_155' title='bbox 474 1658 581 1714; x_wconf 88' lang='lat' dir='ltr'><strong>sint,</strong></span> <span class='ocrx_word' id='word_1_156' title='bbox 603 1658 830 1716; x_wconf 87' lang='lat' dir='ltr'><strong>reliquum</strong></span> <span class='ocrx_word' id='word_1_157' title='bbox 847 1659 992 1717; x_wconf 85' lang='lat' dir='ltr'><strong>possit</strong></span> <span class='ocrx_word' id='word_1_158' title='bbox 1007 1675 1224 1717; x_wconf 90' lang='lat' dir='ltr'><strong>magnum</strong></span> <span class='ocrx_word' id='word_1_159' title='bbox 1240 1675 1335 1704; x_wconf 90' lang='lat' dir='ltr'><strong>esse</strong></span> <span class='ocrx_word' id='word_1_160' title='bbox 1349 1660 1531 1704; x_wconf 89' lang='lat' dir='ltr'><strong>bellum.</strong></span> 
     </span>
     <span class='ocr_line' id='line_1_22' title="bbox 139 1733 1535 1794; baseline 0.001 -16"><span class='ocrx_word' id='word_1_161' title='bbox 139 1733 420 1792; x_wconf 84' lang='lat' dir='ltr'><strong>Oognoscite,</strong></span> <span class='ocrx_word' id='word_1_162' title='bbox 450 1734 654 1787; x_wconf 81' lang='lat' dir='ltr'><strong>Quirites</strong></span> <span class='ocrx_word' id='word_1_163' title='bbox 668 1750 681 1789; x_wconf 81' lang='lat'>3</span> <span class='ocrx_word' id='word_1_164' title='bbox 714 1749 809 1778; x_wconf 88' lang='lat' dir='ltr'><strong>non</strong></span> <span class='ocrx_word' id='word_1_165' title='bbox 836 1735 958 1778; x_wconf 88' lang='lat' dir='ltr'><strong>enim</strong></span> <span class='ocrx_word' id='word_1_166' title='bbox 991 1735 1076 1778; x_wconf 91' lang='lat' dir='ltr'><strong>hoc</strong></span> <span class='ocrx_word' id='word_1_167' title='bbox 1098 1735 1197 1779; x_wconf 91' lang='lat' dir='ltr'><strong>sine</strong></span> <span class='ocrx_word' id='word_1_168' title='bbox 1219 1750 1355 1779; x_wconf 89' lang='lat' dir='ltr'><strong>causa</strong></span> <span class='ocrx_word' id='word_1_169' title='bbox 1377 1736 1535 1794; x_wconf 87' lang='lat' dir='ltr'><strong>quaeri</strong></span> 
     </span>
     <span class='ocr_line' id='line_1_23' title="bbox 140 1809 1535 1868; baseline 0.001 -16"><span class='ocrx_word' id='word_1_170' title='bbox 140 1809 332 1853; x_wconf 91' lang='lat' dir='ltr'><strong>videtur.</strong></span> <span class='ocrx_word' id='word_1_171' title='bbox 401 1809 607 1852; x_wconf 87' lang='lat' dir='ltr'><strong>Primum</strong></span> <span class='ocrx_word' id='word_1_172' title='bbox 643 1824 700 1852; x_wconf 87' lang='lat' dir='ltr'><strong>ex</strong></span> <span class='ocrx_word' id='word_1_173' title='bbox 730 1824 812 1853; x_wconf 91' lang='lat' dir='ltr'><strong>suo</strong></span> <span class='ocrx_word' id='word_1_174' title='bbox 843 1825 982 1867; x_wconf 86' lang='lat' dir='ltr'><strong>regno</strong></span> <span class='ocrx_word' id='word_1_175' title='bbox 1009 1810 1072 1853; x_wconf 91' lang='lat' dir='ltr'><strong>sic</strong></span> <span class='ocrx_word' id='word_1_176' title='bbox 1106 1810 1406 1854; x_wconf 87' lang='lat' dir='ltr'><strong>Mithridates</strong></span> <span class='ocrx_word' id='word_1_177' title='bbox 1437 1825 1535 1868; x_wconf 90' lang='lat' dir='ltr'><strong>pro-</strong></span> 
     </span>
     <span class='ocr_line' id='line_1_24' title="bbox 137 1882 1534 1942; baseline 0.002 -17"><span class='ocrx_word' id='word_1_178' title='bbox 137 1882 269 1941; x_wconf 77' lang='lat' dir='ltr'><strong>fugit,</strong></span> <span class='ocrx_word' id='word_1_179' title='bbox 295 1887 349 1926; x_wconf 91' lang='lat' dir='ltr'><strong>ut</strong></span> <span class='ocrx_word' id='word_1_180' title='bbox 370 1897 429 1926; x_wconf 83' lang='lat' dir='ltr'><strong>ex</strong></span> <span class='ocrx_word' id='word_1_181' title='bbox 450 1883 608 1926; x_wconf 88' lang='lat' dir='ltr'><strong>eodem</strong></span> <span class='ocrx_word' id='word_1_182' title='bbox 632 1883 783 1927; x_wconf 91' lang='lat' dir='ltr'><strong>Ponto</strong></span> <span class='ocrx_word' id='word_1_183' title='bbox 808 1883 976 1927; x_wconf 87' lang='lat' dir='ltr'><strong>Medea</strong></span> <span class='ocrx_word' id='word_1_184' title='bbox 1004 1884 1085 1927; x_wconf 89' lang='lat' dir='ltr'><strong>illa</strong></span> <span class='ocrx_word' id='word_1_185' title='bbox 1118 1885 1349 1942; x_wconf 89' lang='lat' dir='ltr'><strong>quondam</strong></span> <span class='ocrx_word' id='word_1_186' title='bbox 1382 1884 1534 1942; x_wconf 85' lang='lat' dir='ltr'><strong>profu—</strong></span> 
     </span>
     <span class='ocr_line' id='line_1_25' title="bbox 135 1958 1529 2019; baseline 0.002 -18"><span class='ocrx_word' id='word_1_187' title='bbox 135 1958 252 2015; x_wconf 84' lang='lat' dir='ltr'><strong>gisse</strong></span> <span class='ocrx_word' id='word_1_188' title='bbox 295 1958 476 2015; x_wconf 87' lang='lat' dir='ltr'><strong>dicitur,</strong></span> <span class='ocrx_word' id='word_1_189' title='bbox 522 1975 659 2018; x_wconf 89' lang='lat' dir='ltr'><strong>quam</strong></span> <span class='ocrx_word' id='word_1_190' title='bbox 703 1960 970 2018; x_wconf 86' lang='lat' dir='ltr'><strong>praedicant</strong></span> <span class='ocrx_word' id='word_1_191' title='bbox 1012 1961 1063 2003; x_wconf 91' lang='lat' dir='ltr'><strong>in</strong></span> <span class='ocrx_word' id='word_1_192' title='bbox 1107 1960 1218 2019; x_wconf 79' lang='lat' dir='ltr'><strong>fuga</strong></span> <span class='ocrx_word' id='word_1_193' title='bbox 1261 1961 1420 2005; x_wconf 87' lang='lat' dir='ltr'><strong>fratris</strong></span> <span class='ocrx_word' id='word_1_194' title='bbox 1462 1962 1529 2004; x_wconf 90' lang='lat' dir='ltr'><strong>sui</strong></span> 
     </span>
     <span class='ocr_line' id='line_1_26' title="bbox 136 2035 1533 2095; baseline 0.001 -17"><span class='ocrx_word' id='word_1_195' title='bbox 136 2036 339 2079; x_wconf 88' lang='lat' dir='ltr'><strong>membra</strong></span> <span class='ocrx_word' id='word_1_196' title='bbox 364 2035 415 2079; x_wconf 89' lang='lat' dir='ltr'><strong>in</strong></span> <span class='ocrx_word' id='word_1_197' title='bbox 446 2036 504 2079; x_wconf 88' lang='lat' dir='ltr'><strong>iis</strong></span> <span class='ocrx_word' id='word_1_198' title='bbox 532 2037 653 2093; x_wconf 90' lang='lat' dir='ltr'><strong>locis,</strong></span> <span class='ocrx_word' id='word_1_199' title='bbox 683 2052 774 2095; x_wconf 91' lang='lat' dir='ltr'><strong>qua</strong></span> <span class='ocrx_word' id='word_1_200' title='bbox 803 2052 850 2080; x_wconf 92' lang='lat' dir='ltr'><strong>se</strong></span> <span class='ocrx_word' id='word_1_201' title='bbox 872 2052 1038 2095; x_wconf 90' lang='lat' dir='ltr'><strong>parens</strong></span> <span class='ocrx_word' id='word_1_202' title='bbox 1059 2042 1419 2095; x_wconf 87' lang='lat' dir='ltr'><strong>persequeretur,</strong></span> <span class='ocrx_word' id='word_1_203' title='bbox 1448 2037 1533 2081; x_wconf 89' lang='lat' dir='ltr'><strong>dis-</strong></span> 
     </span>
     <span class='ocr_line' id='line_1_27' title="bbox 136 2111 1534 2170; baseline 0.001 -16"><span class='ocrx_word' id='word_1_204' title='bbox 136 2111 366 2169; x_wconf 89' lang='lat' dir='ltr'><strong>sipavisse,</strong></span> <span class='ocrx_word' id='word_1_205' title='bbox 389 2116 444 2154; x_wconf 92' lang='lat' dir='ltr'><strong>ut</strong></span> <span class='ocrx_word' id='word_1_206' title='bbox 461 2127 617 2155; x_wconf 89' lang='lat' dir='ltr'><strong>eorum</strong></span> <span class='ocrx_word' id='word_1_207' title='bbox 632 2112 836 2155; x_wconf 88' lang='lat' dir='ltr'><strong>collectio</strong></span> <span class='ocrx_word' id='word_1_208' title='bbox 854 2112 1058 2170; x_wconf 86' lang='lat' dir='ltr'><strong>dispersa</strong></span> <span class='ocrx_word' id='word_1_209' title='bbox 1074 2126 1340 2170; x_wconf 90' lang='lat' dir='ltr'><strong>maerorque</strong></span> <span class='ocrx_word' id='word_1_210' title='bbox 1357 2112 1534 2170; x_wconf 87' lang='lat' dir='ltr'><strong>patrius</strong></span> 
     </span>
     <span class='ocr_line' id='line_1_28' title="bbox 136 2186 1534 2247; baseline 0.001 -17"><span class='ocrx_word' id='word_1_211' title='bbox 136 2186 414 2231; x_wconf 86' lang='lat' dir='ltr'><strong>celeritatem</strong></span> <span class='ocrx_word' id='word_1_212' title='bbox 449 2188 752 2247; x_wconf 90' lang='lat' dir='ltr'><strong>persequendi</strong></span> <span class='ocrx_word' id='word_1_213' title='bbox 787 2187 1056 2232; x_wconf 89' lang='lat' dir='ltr'><strong>retardaret.</strong></span> <span class='ocrx_word' id='word_1_214' title='bbox 1126 2187 1200 2231; x_wconf 86' lang='lat' dir='ltr'><strong>Sic</strong></span> <span class='ocrx_word' id='word_1_215' title='bbox 1235 2187 1534 2232; x_wconf 88' lang='lat' dir='ltr'><strong>Mithridates</strong></span> 
     </span>
     <span class='ocr_line' id='line_1_29' title="bbox 136 2262 1531 2322; baseline 0.001 -15"><span class='ocrx_word' id='word_1_216' title='bbox 136 2262 317 2322; x_wconf 76' lang='lat' dir='ltr'><strong>fugiens</strong></span> <span class='ocrx_word' id='word_1_217' title='bbox 337 2264 586 2307; x_wconf 85' lang='lat' dir='ltr'><strong>maximam</strong></span> <span class='ocrx_word' id='word_1_218' title='bbox 610 2264 704 2307; x_wconf 88' lang='lat' dir='ltr'><strong>vim</strong></span> <span class='ocrx_word' id='word_1_219' title='bbox 727 2264 829 2307; x_wconf 78' lang='lat' dir='ltr'><strong>auri</strong></span> <span class='ocrx_word' id='word_1_220' title='bbox 851 2268 991 2322; x_wconf 92' lang='lat' dir='ltr'><strong>atque</strong></span> <span class='ocrx_word' id='word_1_221' title='bbox 1005 2263 1185 2321; x_wconf 89' lang='lat' dir='ltr'><strong>argenti</strong></span> <span class='ocrx_word' id='word_1_222' title='bbox 1206 2263 1531 2321; x_wconf 87' lang='lat' dir='ltr'><strong>pulcherrima·</strong></span> 
     </span>
     <span class='ocr_line' id='line_1_30' title="bbox 136 2340 1533 2398; baseline 0.001 -16"><span class='ocrx_word' id='word_1_223' title='bbox 136 2353 328 2397; x_wconf 90' lang='lat' dir='ltr'><strong>rumque</strong></span> <span class='ocrx_word' id='word_1_224' title='bbox 349 2353 501 2383; x_wconf 91' lang='lat' dir='ltr'><strong>rerum</strong></span> <span class='ocrx_word' id='word_1_225' title='bbox 525 2340 743 2397; x_wconf 87' lang='lat' dir='ltr'><strong>omnium,</strong></span> <span class='ocrx_word' id='word_1_226' title='bbox 773 2355 887 2398; x_wconf 90' lang='lat' dir='ltr'><strong>quas</strong></span> <span class='ocrx_word' id='word_1_227' title='bbox 909 2344 956 2384; x_wconf 90' lang='lat' dir='ltr'><strong>et</strong></span> <span class='ocrx_word' id='word_1_228' title='bbox 976 2355 1005 2383; x_wconf 89' lang='lat' dir='ltr'><strong>a</strong></span> <span class='ocrx_word' id='word_1_229' title='bbox 1026 2340 1277 2383; x_wconf 88' lang='lat' dir='ltr'><strong>maioribus</strong></span> <span class='ocrx_word' id='word_1_230' title='bbox 1298 2345 1533 2398; x_wconf 88' lang='lat' dir='ltr'><strong>acceperat</strong></span> 
     </span>
     <span class='ocr_line' id='line_1_31' title="bbox 135 2415 1530 2474; baseline 0.001 -16"><span class='ocrx_word' id='word_1_231' title='bbox 135 2419 183 2458; x_wconf 88' lang='lat' dir='ltr'><strong>et</strong></span> <span class='ocrx_word' id='word_1_232' title='bbox 202 2415 300 2473; x_wconf 88' lang='lat' dir='ltr'><strong>ipse</strong></span> <span class='ocrx_word' id='word_1_233' title='bbox 321 2415 440 2459; x_wconf 91' lang='lat' dir='ltr'><strong>bello</strong></span> <span class='ocrx_word' id='word_1_234' title='bbox 463 2416 697 2474; x_wconf 88' lang='lat' dir='ltr'><strong>superiore</strong></span> <span class='ocrx_word' id='word_1_235' title='bbox 726 2432 785 2460; x_wconf 80' lang='lat' dir='ltr'><strong>ex</strong></span> <span class='ocrx_word' id='word_1_236' title='bbox 813 2421 915 2460; x_wconf 89' lang='lat' dir='ltr'><strong>tota</strong></span> <span class='ocrx_word' id='word_1_237' title='bbox 940 2416 1057 2460; x_wconf 87' lang='lat' dir='ltr'><strong>Asia</strong></span> <span class='ocrx_word' id='word_1_238' title='bbox 1083 2416 1289 2474; x_wconf 87' lang='lat' dir='ltr'><strong>direptas</strong></span> <span class='ocrx_word' id='word_1_239' title='bbox 1317 2416 1367 2459; x_wconf 92' lang='lat' dir='ltr'><strong>in</strong></span> <span class='ocrx_word' id='word_1_240' title='bbox 1397 2431 1530 2460; x_wconf 88' lang='lat' dir='ltr'><strong>suum</strong></span> 
     </span>
     <span class='ocr_line' id='line_1_32' title="bbox 136 2493 1532 2552; baseline 0.003 -18"><span class='ocrx_word' id='word_1_241' title='bbox 136 2506 326 2550; x_wconf 88' lang='lat' dir='ltr'><strong>regnum</strong></span> <span class='ocrx_word' id='word_1_242' title='bbox 347 2499 646 2552; x_wconf 87' lang='lat' dir='ltr'><strong>congesserat,</strong></span> <span class='ocrx_word' id='word_1_243' title='bbox 673 2495 724 2538; x_wconf 89' lang='lat' dir='ltr'><strong>in</strong></span> <span class='ocrx_word' id='word_1_244' title='bbox 746 2493 897 2539; x_wconf 87' lang='lat' dir='ltr'><strong>Ponto</strong></span> <span class='ocrx_word' id='word_1_245' title='bbox 930 2510 1111 2538; x_wconf 90' lang='lat' dir='ltr'><strong>omnem</strong></span> <span class='ocrx_word' id='word_1_246' title='bbox 1133 2494 1331 2552; x_wconf 88' lang='lat' dir='ltr'><strong>reliquit.</strong></span> <span class='ocrx_word' id='word_1_247' title='bbox 1401 2494 1532 2538; x_wconf 89' lang='lat' dir='ltr'><strong>Haec</strong></span> 
     </span>
     <span class='ocr_line' id='line_1_33' title="bbox 136 2568 1531 2628; baseline 0.001 -16"><span class='ocrx_word' id='word_1_248' title='bbox 136 2568 245 2612; x_wconf 89' lang='lat' dir='ltr'><strong>dum</strong></span> <span class='ocrx_word' id='word_1_249' title='bbox 288 2569 435 2612; x_wconf 90' lang='lat' dir='ltr'><strong>nostri</strong></span> <span class='ocrx_word' id='word_1_250' title='bbox 479 2570 700 2628; x_wconf 87' lang='lat' dir='ltr'><strong>colligunt</strong></span> <span class='ocrx_word' id='word_1_251' title='bbox 738 2571 892 2618; x_wconf 88' lang='lat' dir='ltr'><strong>omnia</strong></span> <span class='ocrx_word' id='word_1_252' title='bbox 926 2569 1204 2628; x_wconf 85' lang='lat' dir='ltr'><strong>diligentius,</strong></span> <span class='ocrx_word' id='word_1_253' title='bbox 1250 2584 1330 2611; x_wconf 85' lang='lat' dir='ltr'><strong>rex</strong></span> <span class='ocrx_word' id='word_1_254' title='bbox 1374 2569 1471 2627; x_wconf 88' lang='lat' dir='ltr'><strong>ipse</strong></span> <span class='ocrx_word' id='word_1_255' title='bbox 1505 2584 1531 2613; x_wconf 86' lang='lat' dir='ltr'><strong>e</strong></span> 
     </span>
    </p>
   </div>
  </div>
 </body>
</html>
