1702 2826
141 129 197 172 12
400 128 491 171 DE
539 128 822 173 IMPERIO
867 129 965 175 GN.
1019 130 1285 175 POMPEI.

135 252 276 306 atque
309 248 535 307 pueritiae
572 248 839 308 disciplinis,
874 249 994 294 bello
1026 250 1230 295 maximo
1258 255 1399 310 atque
1424 265 1540 294 acer-

137 326 266 371 rimis
294 325 516 382 hostibus,
549 326 609 371 ad
635 327 783 386 patris
809 328 1064 372 exercitum
1093 333 1234 388 atque
1266 328 1317 372 in
1349 328 1544 373 militiae

138 402 427 461 disciplinam
456 402 690 461 profectus
715 408 805 459 est;
840 404 920 463 qui
952 409 1160 449 extrema
1189 405 1389 464 pueritia
1413 404 1545 448 miles
1586 445 1589 447 .

138 479 189 522 in
223 478 429 523 exercitu
467 478 561 523 fuit
594 480 763 524 summi
801 480 1104 539 imperatoris,
1144 480 1336 525 ineunte
1370 479 1545 524 adules-

139 554 291 598 centia
322 554 515 598 maximi
547 554 644 613 ipse
676 556 907 600 exercitus
937 556 1208 615 imperator3
1252 557 1333 616 qui
1364 555 1546 615 saepius

140 646 243 675 cum
272 630 404 675 hoste
433 631 644 675 conflixit
670 647 810 690 quam
844 633 1088 692 quisquam
1110 648 1213 678 cum
1235 633 1422 678 inimico
1445 647 1545 678 0011-

140 707 348 765 certavit,
369 707 503 766 plura
524 708 646 752 bella
666 709 808 767 gessit
830 723 970 767 quam
992 709 1131 753 ceteri
1153 709 1375 768 legerunt,
1393 709 1547 768 plures

140 784 400 844 provincias
434 783 630 828 confecit
674 799 813 843 quam
856 785 937 828 alii
979 785 1369 844 concupiverunt;
1417 786 1548 830 cuius
1607 805 1616 814 ·

141 860 452 904 adulescentia
494 859 554 904 ad
597 860 836 905 scientiam
881 861 949 905 rei
990 861 1206 905 militaris
1247 876 1342 906 non
1385 861 1548 906 alienis

142 938 397 996 praeceptis
419 937 499 982 sed
516 938 611 982 suis
632 939 851 997 imperiis,
868 954 962 983 non
985 939 1315 984 offensionibus
1334 939 1446 983 belli
1468 939 1548 984 sed

142 1013 359 1068 victoriis,
399 1028 493 1058 non
537 1014 779 1072 stipendiis
823 1015 902 1058 sed
944 1015 1194 1074 triumphis
1236 1019 1307 1059 est
1349 1015 1543 1061 erudita.

143 1088 277 1142 Quod
300 1088 498 1147 denique
519 1104 665 1148 genus
680 1104 777 1134 esse
798 1090 909 1133 belli
931 1095 1097 1149 potest,
1112 1091 1163 1135 in
1185 1104 1277 1149 quo
1298 1091 1431 1135 illum
1453 1106 1546 1136 non

143 1164 400 1208 exercuerit
431 1164 623 1209 fortuna
654 1166 722 1209 rei
754 1166 990 1224 publicae?
1057 1166 1217 1221 Civile,
1253 1165 1545 1222 Africanum,

142 1240 509 1299 Transalpinum,
536 1240 849 1300 Hispaniense
875 1239 1093 1303 [mixtum
1115 1257 1174 1286 ex
1195 1242 1463 1286 civitatibus
1483 1246 1550 1286 at-

143 1332 232 1376 que
262 1332 321 1361 ex
352 1317 708 1362 bellicosissimis
739 1316 1040 1381 nationibus]‚
1070 1319 1247 1374 servile,
1271 1319 1437 1363 navale
1458 1318 1550 1363 bel-

141 1393 252 1449 lum,
278 1394 407 1438 varia
437 1398 484 1438 et
515 1394 697 1438 diversa
727 1410 895 1454 genera
921 1399 968 1439 et
995 1395 1223 1439 bellorum
1251 1399 1300 1439 et
1330 1395 1546 1450 hostium,

141 1470 409 1515 non'solum
424 1475 555 1530 gesta
575 1471 633 1515 ab
650 1471 736 1516 hoc
758 1487 863 1529 uno,
890 1471 969 1516 sed
991 1472 1131 1516 etiam
1149 1471 1356 1516 confecta
1372 1471 1549 1516 nullam

143 1562 240 1591 rem
262 1562 359 1591 esse
383 1547 622 1591 declarant
643 1548 693 1591 in
715 1563 803 1592 usu
826 1549 1025 1607 positam
1048 1549 1252 1604 militari,
1277 1564 1395 1607 quae
1411 1549 1550 1594 huius

93 1655 101 1663 κ
144 1625 234 1668 viri
256 1625 495 1668 scientiam
518 1624 676 1683 fugere
698 1626 854 1684 possit.

66 1707 122 1751 29
238 1701 328 1745 ΧΙ.
398 1701 500 1745 Iam
543 1716 647 1746 vero
680 1701 848 1746 virtuti
884 1702 965 1747 Cn.
1008 1702 1200 1761 Pompei
1236 1717 1355 1762 quae
1397 1707 1550 1762 potest

144 1776 292 1820 oratio
317 1792 402 1835 par
426 1777 651 1821 inveniri?
694 1777 807 1835 quid
833 1783 903 1822 est
929 1778 1051 1837 quod
1085 1779 1328 1837 quisquam
1357 1783 1441 1823 aut
1467 1779 1548 1823 illo

145 1851 336 1911 dignum
357 1857 440 1896 aut
463 1853 592 1896 vobis
605 1868 779 1896 novum
801 1858 884 1897 aut
897 1854 1110 1913 cuiquam
1125 1853 1389 1899 inauditum
1405 1854 1550 1913 possit

144 1927 360 1971 adferre‘l
424 1924 589 1987 Neque
619 1928 744 1972 enim
770 1929 878 1972 illae
908 1933 1019 1973 sunt
1043 1929 1166 1973 solae
1192 1929 1391 1973 virtutes
1409 1929 1547 1989 impe-

144 2004 355 2060 ratoriae,
391 2020 508 2064 quae
541 2005 680 2063 vulgo
718 1997 1059 2062 existimantur,
1096 2005 1225 2049 labor
1256 2005 1307 2048 in
1338 2005 1546 2063 negotiis,

145 2080 372 2126 fortitudo
394 2082 445 2125 in
467 2081 695 2140 periculis,
720 2081 952 2125 industria
973 2081 1021 2125 in
1056 2081 1243 2140 agendo,
1269 2081 1478 2126 celeritas
1498 2082 1549 2125 in

145 2158 437 2216 conficiendo,
467 2158 709 2202 consilium
731 2158 782 2201 in
810 2158 1106 2217 providendo,
1136 2174 1253 2218 quae
1284 2163 1418 2202 tanta
1439 2163 1549 2203 sunt

145 2235 196 2278 in
217 2235 302 2278 hoc
324 2249 430 2289 uno,
457 2239 631 2293 quanta
652 2234 703 2277 in
729 2235 943 2278 omnibus
966 2235 1155 2293 reliquis
1176 2234 1542 2293 imperatoribus,

69 2313 125 2357 30
146 2325 261 2370 quos
281 2315 364 2354 aut
387 2309 587 2353 vidimus
608 2315 692 2353 aut
713 2310 986 2367 audivimus,
1015 2325 1109 2354 non
1131 2309 1332 2354 fuerunt.
1400 2309 1550 2354 Testis

146 2392 217 2432 est
238 2386 390 2441 Italia,
416 2402 554 2446 quam
576 2387 655 2431 ille
683 2387 782 2445 ipse
803 2387 952 2431 victor
974 2386 1025 2431 L.
1054 2386 1183 2431 Sulla
1213 2386 1352 2430 huius
1373 2386 1548 2430 virtute

147 2468 196 2508 et
224 2463 427 2507 subsidio
456 2462 691 2507 confessus
719 2468 790 2508 est
817 2463 1060 2508 liberatam
1081 2480 1090 2507 ε
1123 2463 1258 2507 testis
1287 2467 1357 2506 est
1379 2462 1546 2518 Sicilia,

150 2553 286 2598 quam
321 2539 483 2584 multis
516 2540 721 2598 undique
756 2540 953 2584 cinctam
988 2539 1202 2598 periculis
1243 2554 1338 2584 non
1374 2543 1550 2586 terrore

150 2615 271 2670 belli,
291 2615 370 2660 sed
387 2615 565 2660 consilii
588 2616 821 2659 celeritate
839 2615 1108 2672 explicavit:
1142 2615 1274 2660 testis
1287 2619 1356 2659 est
1374 2614 1545 2672 Africa,
