1702 2826
377 134 470 178 DE
512 134 799 178 IMPERIO
847 132 946 178 CN.
994 132 1264 178 POMPEI.
1461 134 1519 178 23

126 262 276 307 locum
298 260 548 314 escendere,
569 274 671 303 cum
694 274 798 302 eum
820 258 952 303 nobis
966 257 1160 302 maiores
1175 257 1323 301 nostri
1340 257 1521 302 exuviis

127 338 325 384 nauticis
346 342 394 382 et
416 337 627 380 classium
650 336 807 395 spoliis
829 339 1044 380 ornatum
1067 334 1371 393 reliquissent.

219 413 360 458 XIX.
430 413 559 456 Bono
591 416 638 456 te
667 412 821 456 animo
843 416 956 466 tum,
981 411 1034 464 Q.
1061 410 1300 466 Hortensi,
1324 410 1522 469 populus
1544 407 1598 450 56

128 490 365 534 Romanus
398 493 446 533 et
479 493 664 543 ceteros,
705 488 784 547 qui
822 491 955 531 erant
991 487 1042 532 in
1079 487 1237 531 eadem
1276 485 1518 540 sententia,

127 566 274 611 dicere
307 563 592 608 existimavit
624 578 677 607 ea
708 578 826 621 quae
859 562 1137 616 sentiebatis,
1173 562 1252 606 sed
1285 567 1441 605 tamen
1472 561 1522 604 in

126 641 274 686 salute
308 640 537 685 communi
579 639 701 684 idem
739 639 936 698 populus
973 639 1212 683 Romanus
1255 638 1401 683 dolori
1439 654 1521 683 suo

127 717 290 762 maluit
312 732 448 775 quam
471 716 736 760 auctoritati
761 721 939 760 vestrae
961 716 1286 774 obtemperare.
1355 715 1522 773 Itaque

128 809 220 838 una
261 793 348 847 leX‚
390 807 509 836 unus
548 792 630 845 vir,
668 807 787 835 unus
829 807 978 836 annus
1012 807 1106 836 non
1141 792 1274 836 modo
1318 807 1401 835 nos
1443 791 1523 835 illa

126 868 310 913 miseria
340 884 392 912 ac
426 868 714 925 turpitudine
747 867 972 922 liberavit,
1005 867 1084 912 sed
1111 868 1250 911 etiam
1283 867 1443 921 effecit,
1469 872 1522 910 ut

126 943 373 1003 aliquando
398 959 501 987 vere
521 943 779 987 videremur
799 944 1011 987 omnibus
1024 943 1238 1001 gentibus
1254 958 1306 986 ac
1328 942 1523 986 nationi-

127 1020 213 1063 bus
228 1023 352 1063 terra
368 1018 574 1076 marique
587 1018 822 1076 imperare.
882 1019 984 1072 Quo
1000 1018 1114 1062 mihi
1132 1019 1270 1062 etiam
1288 1017 1523 1075 indignius
1545 1021 1600 1065 57

129 1091 314 1136 videtur
345 1091 651 1136 obtrectatum
684 1107 780 1135 esse
805 1092 965 1146 adhuc,
999 1093 1196 1136 Gabinio
1226 1093 1374 1136 dicam
1403 1106 1523 1135 anne

128 1168 346 1226 Pompeio
368 1183 429 1212 an
459 1168 654 1226 utrique,
680 1168 728 1212 id
758 1169 880 1226 quod
914 1174 984 1213 est
1017 1170 1182 1224 verius,
1207 1185 1265 1213 ne
1293 1169 1524 1227 legaretur

129 1243 188 1288 A„
235 1242 460 1287 Gabinius
504 1242 583 1286 Cn.
624 1243 842 1301 Pompeio
881 1244 1117 1302 expetenti
1160 1259 1212 1287 ac
1255 1242 1520 1302 postulanti.

128 1318 304 1363 Utrum
336 1319 425 1373 ille,
461 1319 540 1377 qui
573 1319 778 1377 postulat
808 1319 868 1363 ad
902 1324 1085 1364 tantum
1120 1320 1290 1364 bellum
1323 1319 1524 1377 legatum

127 1409 263 1453 quem
291 1394 414 1448 velit,
440 1394 631 1439 idoneus
665 1410 759 1438 non
785 1399 855 1439 est
883 1396 964 1453 qui
996 1396 1225 1454 impetret,
1250 1411 1354 1439 cum
1387 1395 1525 1439 ceteri

129 1469 189 1514 ad
225 1469 494 1527 expilandos
528 1469 671 1513 socios
708 1469 1080 1528 diripiendasque
1117 1469 1375 1528 provincias
1413 1484 1526 1528 quos

132 1544 376 1589 voluerunt
407 1544 580 1602 legatos
610 1545 866 1601 eduxerint,
892 1561 952 1589 an
984 1540 1093 1604 ipse,
1118 1546 1248 1590 cuius
1276 1545 1374 1604 lege
1403 1544 1526 1589 salus

130 1635 182 1664 ac
213 1619 414 1678 dignitas
446 1619 615 1678 populo
648 1620 859 1664 Romano
891 1626 1031 1679 atque
1064 1622 1276 1666 omnibus
1311 1620 1527 1680 gentibus

130 1695 382 1740 constituta
404 1700 484 1750 est,
506 1711 668 1754 expers
682 1697 927 1741 essedebet
940 1697 1111 1755 gloriae
1125 1698 1222 1742 eius
1238 1697 1527 1757 imperatoris

131 1776 270 1830 atque
292 1771 389 1816 eius
411 1772 650 1826 exercitus,
675 1773 755 1831 qui
778 1774 965 1817 consilio
995 1774 1139 1832 ipsius
1161 1790 1213 1818 ac
1235 1773 1435 1833 periculo
1457 1778 1527 1817 est

131 1846 441 1891 constitutus?
504 1847 586 1890 An
609 1847 656 1891 G.
675 1847 917 1902 Falcidius,
938 1849 990 1902 Q.
1013 1849 1243 1904 Metellus,
1265 1849 1317 1902 Q.
1346 1847 1527 1893 Caelius
1548 1843 1602 1888 58

131 1912 422 1976 Latiniensis,
459 1922 539 1967 Cn.
570 1923 808 1978 Lentulus
841 1940 954 1983 quos
986 1940 1143 1969 omnes
1174 1925 1361 1970 honoris
1393 1939 1528 1969 causa

132 1997 331 2053 nomino,
356 2014 458 2042 cum
488 2000 664 2044 tribuni
687 2001 745 2059 pl.
771 2001 981 2056 fuissent,
1006 2018 1128 2047 anno
1157 2003 1366 2061 proximo
1388 2003 1528 2061 legati

133 2089 228 2118 esse
253 2078 532 2133 potuerunt:
565 2076 615 2118 in
647 2091 739 2120 uno
773 2076 971 2121 Gabinio
1004 2082 1114 2121 sunt
1146 2082 1242 2122 tam
1272 2078 1526 2136 diligentes,

133 2150 213 2207 qui
234 2149 285 2194 in
305 2150 390 2194 hoc
411 2151 542 2205 bello,
568 2152 690 2210 quod
718 2152 818 2210 lege
840 2152 1039 2197 Gabinia
1060 2154 1248 2211 geritur,
1272 2154 1323 2198 in
1343 2153 1429 2198 hoc
1449 2154 1530 2198 im-

134 2229 344 2284 peratore
365 2229 503 2283 atque
526 2227 743 2282 exercitu,
768 2242 903 2285 quem
930 2243 1012 2286 per
1041 2243 1122 2273 vos
1150 2229 1247 2287 ipse
1274 2229 1527 2284 constituit,

135 2302 274 2346 etiam
307 2301 550 2360 praecipuo
575 2302 677 2346 iure
705 2318 801 2347 esse
831 2303 1046 2348 deberet‘l
1109 2304 1182 2347 De
1215 2319 1304 2362 quo
1337 2305 1530 2362 legando

135 2378 340 2422 consules
362 2393 493 2436 spero
515 2379 574 2422 ad
590 2384 800 2423 senatum
815 2379 1040 2423 relaturos
1058 2395 1066 2423 :
1101 2379 1180 2437 qui
1196 2380 1235 2423 si
1252 2379 1532 2424 dubitabunt

136 2457 218 2497 aut
253 2453 580 2510 gravabuntur,
615 2469 698 2512 ego
729 2470 803 2499 me
835 2455 1051 2513 profiteor
1083 2455 1347 2509 relaturum,
1383 2471 1531 2514 neque

137 2542 210 2571 me
230 2527 449 2586 impediet
472 2529 739 2588 cuiusquam
761 2530 999 2574 inimicum
1026 2530 1239 2586 edictum,
1265 2546 1355 2589 quo
1377 2531 1531 2576 minus

138 2602 283 2647 fretus
326 2603 455 2651 vobis
498 2608 699 2648 vestrum
744 2605 815 2648 ius
857 2605 1217 2663 beneficiumque
1271 2605 1525 2659 defendam,
