1702 2826
189 180 247 222 22
449 178 540 221 DE
579 166 869 224 IMPERIO
916 179 1016 225 GN.
1065 180 1333 227 POMPEI.

190 297 445 353 videbatur,
501 314 604 343 cum
659 298 816 358 populi
872 299 1073 343 Romani
1127 299 1279 359 legati,
1327 304 1590 358 quaestores

187 377 512 432 praetoresque
534 374 868 432 capiebantur‘l
900 390 1003 418 cum
1026 390 1084 418 ex
1106 376 1320 420 omnibus
1342 375 1590 434 provinciis

186 453 443 493 commeatu
482 454 529 494 et
560 450 743 509 privato
775 454 823 494 et
854 451 1038 510 publico
1070 451 1455 510 prohibebamuri
1486 461 1602 497 cum*

186 525 254 569 ita
276 525 430 570 clausa
450 525 583 570 nobis
606 531 739 570 erant
761 526 907 570 maria
929 527 1094 583 omnia,
1114 531 1170 572 ut
1190 543 1338 586 neque
1360 528 1587 586 privatam

188 616 284 644 rem
301 601 658 645 transmarinam
675 615 824 660 neque
838 601 1067 660 publicam
1085 602 1176 646 iam
1195 602 1321 646 obire
1334 603 1591 661 possemus?

109 680 166 725 54
190 680 386 726 XVIII.
455 680 584 734 Quae
617 679 780 724 civitas
809 685 948 724 antea
976 696 1195 740 umquam
1218 679 1468 725 fuit—non
1490 680 1590 725 dico

189 755 561 808 Atheniensium,
587 770 706 814 quae
728 755 841 799 satis
863 755 956 799 late
985 755 1218 814 quondam
1240 771 1366 799 mare
1388 755 1591 800 tenuisse

189 829 372 885 dicitur,
396 846 489 874 non
522 829 1000 887 Karthaginiensium,
1025 829 1106 888 qui
1138 829 1421 888 permultum
1449 829 1591 874 classe

188 923 241 952 ac
263 907 508 951 maritimis
522 908 659 951 rebus
681 907 941 962 valuerunt,
958 922 1052 951 non
1076 907 1378 962 Rhodiorum,
1395 922 1587 967 quorum

190 998 335 1043 usque
356 983 414 1027 ad
436 987 642 1027 nostram
659 983 925 1027 memoriam
941 983 1182 1042 disciplina
1195 983 1374 1028 navalis
1387 987 1435 1028 et
1446 983 1592 1042 gloria

190 1059 607 1117 remansit‚—quae
635 1055 837 1121 [civitas]
867 1074 1086 1117 umquam
1125 1064 1262 1102 antea
1293 1063 1390 1103 tam
1421 1059 1589 1114 tenuis,

190 1141 286 1180 tam
315 1150 459 1194 parva
484 1135 636 1179 insula
668 1134 774 1189 fuit,
799 1150 916 1193 quae
944 1150 1039 1179 non
1068 1139 1230 1193 portus
1256 1150 1362 1180 suos
1391 1140 1437 1180 et
1459 1151 1593 1195 agros

190 1215 237 1254 et
258 1210 458 1269 aliquam
482 1215 660 1269 partem
691 1210 890 1268 regionis
919 1215 1059 1270 atque
1085 1226 1191 1255 orae
1220 1212 1480 1256 maritimae
1510 1227 1593 1272 per

190 1302 237 1330 se
280 1287 380 1345 ipsa
414 1286 711 1331 defenderet?
774 1287 845 1331 At
882 1286 1066 1330 hercule
1099 1286 1278 1346 aliquot
1311 1302 1457 1332 annos
1491 1303 1592 1332 con-

191 1360 345 1404 tinuos
381 1365 491 1404 ante
525 1361 671 1419 legem
711 1360 957 1404 Gabiniam
997 1361 1075 1405 ille
1100 1361 1298 1420 populus
1337 1362 1589 1418 Romanus,

189 1436 319 1480 cuius
341 1451 486 1495 usque
507 1436 567 1481 ad
589 1442 795 1481 nostram
817 1438 1083 1482 memoriam
1105 1453 1274 1482 nomen
1295 1439 1520 1483 invictum
1542 1440 1592 1483 in

189 1513 433 1556 navalibus
455 1512 622 1571 pugnis
638 1513 953 1572 permanserit,
973 1528 1140 1572 magna
1162 1529 1214 1557 ac
1227 1514 1374 1558 multo
1392 1514 1593 1558 maxima

190 1593 321 1646 parte
343 1603 437 1632 non
459 1588 594 1632 modo
617 1588 849 1643 utilitatis,
875 1589 953 1632 sed
981 1588 1222 1647 dignitatis
1250 1594 1390 1648 atque
1411 1589 1592 1648 imperii

111 1660 166 1703 55
189 1664 350 1707 caruit.
419 1663 531 1718 Nos,
548 1679 743 1722 quorum
761 1664 955 1709 maiores
969 1663 1255 1709 Antiochum
1278 1658 1430 1723 regem
1451 1665 1593 1709 classe

191 1739 468 1798 Persemque
500 1745 780 1798 superarunt
813 1740 1116 1800 omnibusque
1150 1741 1393 1785 navalibus
1427 1741 1594 1800 pugnis

192 1815 622 1874 Karthaginienses,
646 1816 856 1860 homines
877 1817 927 1859 in
950 1818 1195 1861 maritimis
1219 1818 1354 1862 rebus
1377 1818 1593 1862 exercita-

191 1892 392 1937 tissimos
414 1892 829 1952 paratissimosque,
855 1893 1078 1949 vicerunt,
1103 1894 1137 1937 ii
1160 1894 1288 1938 nullo
1310 1895 1360 1938 in
1381 1894 1480 1944 loco
1500 1894 1593 1938 iam

192 1969 499 2027 praedonibus
521 1985 653 2028 pares
675 1985 771 2014 esse
793 1974 1056 2028 poteramus
1077 1986 1086 2014 :
1119 1986 1215 2025 nos,
1240 1971 1320 2029 qui
1341 1975 1480 2015 antea
1499 1985 1592 2015 non

192 2043 327 2087 modo
356 2043 544 2087 Italiam
570 2048 722 2088 tutam
755 2044 1048 2099 habebamus,
1073 2045 1151 2089 sed
1185 2061 1341 2089 omnes
1373 2046 1516 2090 socios
1543 2046 1592 2090 in

191 2118 369 2162 ultimis
391 2119 482 2163 oris
504 2120 780 2163 auctoritate
802 2120 949 2163 nostri
972 2120 1153 2178 imperii
1182 2120 1332 2166 salvos
1362 2126 1595 2181 praestare

193 2200 468 2253 poteramus,
494 2200 608 2251 tum,
634 2212 738 2240 cum
760 2197 914 2240 insula
937 2196 1089 2251 Delos,
1116 2202 1211 2240 tam
1234 2198 1392 2256 procul
1413 2214 1442 2243 a
1463 2199 1596 2243 nobis

193 2274 243 2317 in
287 2274 473 2332 Aegaeo
517 2274 633 2317 mari
678 2274 840 2332 posita,
887 2289 978 2332 quo
1023 2288 1180 2318 omnes
1233 2274 1438 2334 undique
1491 2291 1592 2319 cum

195 2351 421 2395 mercibus
443 2355 582 2410 atque
606 2351 822 2395 oneribus
855 2351 1183 2405 commeabant,
1211 2351 1381 2395 referta
1403 2351 1592 2407 divitiis,

194 2444 349 2487 parva,
374 2429 472 2472 sine
493 2443 639 2483 muro,
663 2428 780 2471 nihil
802 2428 1008 2482 timebat,
1035 2428 1182 2471 eidem
1210 2443 1305 2472 non
1333 2428 1469 2472 modo
1497 2443 1596 2487 pro-

194 2506 358 2551 vinciis
372 2510 512 2564 atque
534 2505 626 2549 oris
640 2505 808 2549 Italiae
829 2504 1076 2548 maritimis
1089 2520 1141 2548 ac
1163 2504 1389 2563 portubus
1411 2504 1593 2559 nostris,

194 2583 274 2628 sed
291 2583 431 2628 etiam
449 2581 606 2640 Appia
621 2581 714 2625 iam
729 2581 806 2624 via
819 2580 1094 2625 carebamus.
1163 2580 1227 2624 Et
1243 2581 1301 2624 iis
1313 2579 1598 2639 temporibus

195 2673 290 2704 non
312 2657 515 2716 pudebat
529 2656 826 2714 magistratus
841 2655 999 2715 populi
1021 2655 1218 2699 Romani
1240 2655 1289 2698 in
1303 2655 1426 2698 hunc
1446 2655 1596 2713 ipsum
