1702 2826
403 137 498 182 DE
539 138 826 183 IMPERIO
871 139 974 185 GN.
1022 139 1287 185 POMPEI.
1513 142 1540 184 5

142 260 215 301 tot
235 257 421 302 milibus
443 259 613 303 civium
644 259 960 304 Romanorum
983 275 1076 304 uno
1098 261 1265 305 nuntio
1288 266 1427 319 atque
1448 276 1542 305 uno

143 337 346 394 tempore
362 334 548 390 necatis,
559 349 648 393 quo
666 335 852 378 tandem
867 335 1021 379 animo
1038 350 1135 379 esse
1153 336 1353 380 debetis?
1381 337 1542 395 Legati

142 408 264 466 quod
305 413 439 453 erant
481 409 699 467 appellati
754 410 1006 468 superbiuS,
1059 411 1335 456 Corinthum
1389 416 1542 470 patres

144 483 295 540 vestri,
343 484 488 528 totius
531 484 750 529 Graeciae
792 485 962 542 lumen,
1000 486 1282 530 exstinctum
1326 502 1423 531 esse
1468 502 1542 531 vo·

139 557 348 601 luerunt:
381 574 463 603 vos
490 574 596 603 eum
622 575 774 618 regem
806 561 1010 604 inultum
1043 577 1139 606 esse
1171 563 1426 620 patiemini,
1459 564 1538 622 qui

139 628 342 688 legatum
362 632 521 690 populi
536 633 735 677 Romani
758 635 1042 678 consularem
1056 636 1254 680 vinculis
1275 652 1328 680 66
1342 638 1537 681 verberi-

138 705 227 750 bus
259 710 399 765 atque
429 708 555 750 omni
580 709 803 766 supplicio
838 710 1151 754 excruciatum
1181 711 1397 755 necavit?
1461 712 1539 755 Illi

138 781 399 826 libertatem
433 784 602 827 civium
638 785 952 829 Romanorum
981 787 1276 831 imminutam
1309 803 1403 831 non
1425 788 1538 831 tule-

138 863 270 902 runt:
306 874 386 903 vos
422 860 564 903 vitam
600 865 803 918 ereptam
842 862 1124 921 neglegetis‘l
1186 864 1273 907 ius·
1296 863 1539 921 legationis

140 935 278 978 verbo
300 935 524 979 violatum
552 937 620 979 illi
650 939 876 994 persecuti
904 945 1032 985 sunt:
1068 954 1150 983 vos
1182 939 1385 997 legatum
1412 940 1537 984 omni

136 1010 359 1068 supplicio
381 1011 675 1055 interfectum
709 1012 1006 1072 relinquetis‘l
1069 1015 1241 1060 Videte
1273 1033 1343 1073 ne,
1370 1024 1423 1062 ut
1446 1019 1537 1062 illis
1564 1021 1619 1064 12

137 1087 494 1145 pulcherrimum
547 1088 640 1131 fuit
692 1094 872 1132 tantam
927 1091 1057 1135 vobis
1110 1093 1292 1151 imperii
1344 1095 1537 1152 gloriam

138 1162 330 1218 tradere,
357 1162 420 1205 sic
453 1163 582 1206 vobis
615 1164 932 1220 turpissimum
969 1165 1028 1208 sit
1061 1166 1109 1209 id
1143 1167 1267 1224 quod
1300 1169 1538 1227 accepistis

139 1236 259 1279 tueri
281 1240 328 1279 et
351 1251 620 1280 conservare
642 1252 736 1280 non
758 1253 899 1295 posse.

232 1311 378 1365 Quid‘e
410 1312 530 1370 quod
554 1311 677 1356 salus
707 1313 931 1357 sociorum
959 1330 1187 1360 summum
1211 1317 1261 1360 in
1283 1318 1536 1376 periculum

137 1404 190 1433 ac
212 1388 455 1433 discrimen
477 1394 679 1446 vocatur,
705 1405 794 1448 quo
816 1391 1005 1435 tandem
1027 1392 1181 1436 animo
1196 1393 1316 1438 ferre
1339 1395 1538 1439 debetis?

138 1463 302 1523 Regno
344 1469 414 1508 est
445 1465 664 1522 expulsus
696 1465 1032 1510 Ariobarzanes
1064 1482 1158 1524 reX‚
1195 1469 1342 1513 socius
1380 1471 1538 1528 populi

138 1539 338 1584 Romani
359 1544 498 1598 atque
515 1540 688 1583 amicus
703 1556 715 1595 3
748 1540 994 1584 imminent
1010 1541 1102 1586 duo
1117 1558 1244 1602 reges
1266 1545 1355 1588 toti
1377 1545 1530 1603 Asiae,

138 1631 231 1660 non
259 1615 407 1660 solum
437 1615 567 1659 vobis
595 1615 910 1674 inimicissimi,
939 1617 1018 1661 sed
1045 1618 1184 1662 etiam
1218 1621 1383 1664 vestris
1405 1621 1537 1665 sociis

137 1697 276 1751 atque
307 1691 465 1735 amicis
484 1707 497 1746 ,-
532 1692 743 1735 civitates
772 1696 928 1735 autem
957 1708 1114 1737 omnes
1140 1700 1304 1738 cuncta
1331 1696 1447 1739 Asia
1472 1701 1536 1739 at-

138 1781 226 1825 que
249 1766 441 1810 Graecia
463 1771 669 1810 vestrum
699 1766 926 1810 auxilium
959 1772 1222 1826 exspectare
1249 1775 1436 1827 propter
1464 1785 1537 1828 pe-

138 1843 271 1886 riculi
304 1843 670 1900 magnitudinem
704 1849 933 1905 coguntur
946 1859 958 1898 3
994 1844 1315 1902 imperatorem
1351 1860 1378 1888 a
1406 1845 1536 1888 vobis

137 1923 312 1962 certum
335 1919 587 1976 deposcere,
614 1934 717 1962 cum
739 1919 1009 1977 praesertim
1034 1934 1114 1962 vos
1134 1919 1276 1962 alium
1300 1919 1528 1976 miseritis,

137 2009 285 2053 neque
305 1995 479 2038 audent
500 2010 649 2053 neque
671 2010 718 2038 se
741 1995 788 2038 id
822 1996 967 2039 facere
997 1995 1094 2038 sine
1124 2010 1300 2039 summo
1330 1996 1532 2053 periculo

137 2083 267 2126 posse
288 2070 587 2117 arbitrantur.
656 2069 835 2113 Vident
858 2074 904 2113 et
926 2070 1135 2113 sentiunt
1157 2069 1242 2113 hoc
1263 2070 1386 2114 idem
1408 2070 1532 2129 quod
1561 2068 1617 2113 13

137 2158 230 2201 vos,
259 2159 403 2187 unum
434 2145 585 2188 virum
612 2159 720 2202 esse,
748 2146 798 2188 in
832 2160 921 2204 quo
955 2161 1133 2189 summa
1165 2146 1259 2189 sint
1293 2146 1457 2203 omnia,
1486 2150 1533 2189 et

137 2234 241 2263 eum
273 2226 461 2278 propter
493 2235 601 2276 esse,
638 2236 728 2279 quo
761 2222 900 2265 etiam
944 2226 1101 2265 carent
1145 2221 1353 2279 aegrius:
1405 2223 1535 2268 cuius

137 2295 341 2339 adventu
360 2295 460 2354 ipso
482 2301 620 2354 atque
642 2296 839 2351 nomine,
864 2297 1050 2340 tametsi
1071 2296 1149 2340 ille
1171 2297 1229 2340 ad
1251 2299 1535 2342 maritimum

138 2371 306 2415 bellum
330 2373 521 2427 venerit,
546 2377 704 2416 tamen
732 2374 932 2431 impetus
956 2373 1159 2417 hostium
1190 2389 1417 2432 repressos
1438 2391 1534 2420 esse

136 2448 413 2506 intellegunt
455 2464 507 2492 ac
541 2449 810 2493 retardatos.
879 2449 949 2492 Hi
997 2464 1089 2506 vos,
1133 2450 1350 2508 quoniam
1393 2451 1534 2496 libere

138 2523 262 2581 loqui
304 2538 398 2566 non
441 2524 559 2581 licet,
603 2524 743 2568 tacite
788 2530 964 2582 rogant,
1008 2530 1061 2567 ut
1099 2540 1146 2568 se
1185 2540 1378 2583 quoque,
1416 2527 1534 2571 sicut

137 2603 389 2643 ceterarum
446 2601 783 2658 provinciarum
841 2601 994 2657 socios,
1045 2600 1207 2658 dignos
1260 2602 1534 2646 existimetis
