1702 2826
163 135 221 179 14
421 134 511 177 DE
559 132 846 178 IMPERIO
891 130 988 178 ΟΝ.
1037 130 1312 178 POMPEI.

159 269 338 299 summa
355 252 721 298 transmiserint?
756 251 847 305 Qui
863 251 923 296 ad
941 266 1022 295 vos
1038 251 1096 295 ab
1110 250 1282 295 exteris
1296 249 1565 294 nationibus

158 330 382 387 venirent,
423 333 582 388 captos
620 343 799 388 querar,
837 342 942 371 cum
985 326 1125 385 legati
1163 326 1324 385 populi
1363 325 1564 370 Romani

137 406 382 464 ,redempti
415 405 542 450 sinti
585 403 915 449 mercatoribus
948 407 1105 446 tutum
1137 418 1262 447 mare
1295 417 1390 447 non
1422 401 1564 447 fuisse
1596 461 1599 464 Ι

155 480 316 536 dicam,
336 496 440 524 cum
458 480 698 524 duodecim
717 494 895 523 secures
908 478 957 521 in
981 478 1264 536 praedonum
1286 482 1562 537 potestatem

77 563 131 606 33
155 557 485 616 pervenerint'l
551 556 752 602 Gnidum
791 560 874 599 aut
909 555 1220 613 Colophonem
1249 560 1332 599 aut
1358 555 1560 610 Samum,

155 632 463 677 nobilissimas
486 632 635 686 urbes,
661 629 1113 688 innumerabilesque
1143 630 1256 674 alias
1279 634 1437 689 captas
1466 643 1562 674 esse

153 723 515 763 commemorem,
552 723 655 752 cum
689 711 867 751 vestros
910 710 1072 764 portus
1103 711 1243 764 atque
1275 720 1352 750 eos
1383 709 1558 764 portuS,

153 785 321 843 quibus
344 785 490 829 vitam
514 789 561 829 et
584 783 799 843 spiritum
833 782 1015 838 ducitis,
1040 782 1090 825 in
1113 782 1398 840 praedonum
1419 781 1561 826 fuisse

153 865 382 920 potestate
411 861 598 906 sciatis‘l
664 860 743 903 An
771 874 879 903 vero
908 859 1133 917 ignoratis
1159 862 1345 917 portum
1375 858 1560 903 Caietae

153 936 499 996 celeberrimum
553 950 606 979 ac
659 934 976 993 plenissimum
1030 934 1221 977 navium
1273 933 1560 992 inspectante

153 1017 363 1071 praetore
406 1027 434 1056 a
478 1011 786 1070 praedonibus
829 1025 926 1054 esse
971 1010 1234 1070 direptumft
1281 1025 1340 1055 ex
1376 1009 1559 1055 Miseno

151 1092 306 1131 autem
341 1086 439 1131 eius
465 1086 610 1144 ipsius
643 1087 823 1140 liberos,
849 1085 929 1144 qui
955 1100 1059 1129 cum
1092 1085 1401 1144 praedonibus
1421 1089 1560 1130 antea

151 1163 216 1206 ibi
238 1162 411 1207 bellum
433 1167 648 1221 gesserat,
673 1178 702 1206 a
723 1162 1033 1220 praedonibus
1055 1177 1151 1205 esse
1174 1161 1402 1207 sublatos'l
1432 1161 1558 1206 Nam

150 1238 264 1297 quid
285 1253 369 1298 ego
394 1238 606 1283 Ostiense
638 1238 980 1283 incommodum
1003 1242 1142 1297 atque
1171 1238 1299 1282 illam
1321 1238 1469 1282 labem
1492 1242 1558 1283 at-

153 1332 242 1377 que
281 1316 583 1375 ignominiam
623 1316 689 1359 rei
722 1315 931 1374 publicae
966 1330 1143 1374 querar,
1181 1330 1285 1359 cum
1318 1330 1459 1374 prope
1491 1315 1558 1359 in-

150 1393 466 1452 spectantibus
480 1392 610 1437 vobis
632 1391 787 1436 classis
810 1407 874 1445 ea,
896 1391 969 1436 cui
992 1391 1150 1435 consul
1172 1390 1332 1450 populi
1356 1391 1556 1436 Romani

149 1471 439 1529 praepositus
471 1473 602 1524 esset,
627 1484 655 1513 a
684 1468 993 1527 praedonibus
1022 1473 1156 1526 capta
1178 1472 1318 1526 atque
1341 1483 1557 1527 oppressa

149 1549 253 1592 est?
320 1547 412 1591 Pro
457 1546 505 1591 di
542 1544 854 1589 immortales!
903 1548 1145 1588 tantamne
1183 1543 1323 1588 unius
1355 1544 1556 1589 hominis

149 1622 431 1668 incredibilis
464 1637 516 1667 ac
539 1621 699 1666 divina
720 1621 872 1664 virtus
900 1624 997 1664 tam
1018 1619 1150 1664 brevi
1178 1624 1385 1678 tempore
1407 1620 1554 1664 lucem

147 1699 329 1744 adferre
373 1698 440 1743 rei
478 1698 687 1757 publicae
722 1697 889 1756 potuit,
930 1700 985 1740 ut
1023 1711 1116 1751 vos,
1154 1696 1234 1754 qui
1271 1695 1407 1740 modo
1444 1700 1554 1740 ante

147 1776 319 1821 ostium
361 1775 630 1820 Tiberinum
675 1774 863 1819 classem
906 1773 1110 1817 hostium
1150 1772 1389 1828 videbatis,
1429 1788 1555 1818 nunc

148 1851 326 1896 nullam
364 1852 490 1896 intra
523 1851 695 1896 Oceani
728 1850 898 1895 ostium
930 1849 1215 1908 praedonum
1252 1865 1418 1894 navem
1455 1865 1553 1895 esse

69 1928 126 1974 34
147 1927 377 1972 audiatis?
439 1927 601 1984 Atque
623 1926 735 1970 haec
757 1941 849 1984 qua
870 1926 1105 1970 celeritate
1125 1930 1255 1986 gesta
1270 1926 1378 1983 sint,
1397 1942 1552 1986 quam-

145 2020 283 2065 quam
307 2004 487 2060 videtis,
503 2009 661 2049 tamen
683 2020 711 2049 a
732 2019 804 2048 me
817 2004 869 2048 in
892 2003 1085 2048 dicendo
1099 2003 1435 2062 praetereunda.
1455 2019 1551 2050 non

144 2085 265 2125 sunt.
336 2080 451 2134 Quis
483 2080 606 2124 enim
639 2095 860 2138 umquam
892 2084 975 2124 aut
1018 2079 1219 2124 obeundi
1251 2079 1424 2138 negotii
1466 2086 1550 2126 aut

144 2155 453 2214 consequendi
489 2159 708 2212 quaestus
741 2154 896 2199 studio
934 2158 1031 2198 tam
1074 2154 1204 2198 brevi
1238 2158 1443 2213 tempore
1477 2160 1550 2201 tot

143 2232 242 2277 loca
263 2232 402 2286 adire,
419 2236 576 2276 tantos
590 2246 749 2276 cursus
762 2231 980 2276 conficere
998 2231 1163 2289 potuit,
1183 2246 1323 2290 quam
1340 2230 1549 2276 celeriter

145 2308 225 2353 Cn.
252 2309 474 2367 Pompeio
496 2309 611 2353 duce
641 2309 762 2352 tanti
788 2308 898 2352 belli
931 2308 1133 2366 impetus
1164 2307 1404 2365 navigavit
1418 2307 1433 2351 'l
1465 2307 1546 2366 qui

142 2383 349 2427 nondum
366 2383 641 2442 tempestivo
659 2383 719 2428 ad
732 2382 1046 2441 navigandum
1063 2382 1180 2426 mari
1198 2381 1400 2427 Siciliam
1413 2382 1543 2438 adiit,

144 2460 352 2504 Africam
389 2461 660 2519 exploravit,
697 2461 748 2504 in
783 2460 1044 2505 Sardiniam
1082 2475 1186 2504 cum
1225 2459 1365 2504 classe
1399 2460 1541 2516 venit,
1595 2513 1605 2522 θ

138 2541 278 2594 atque
322 2535 434 2580 haec
477 2536 569 2580 tria
623 2536 930 2580 frumentaria
973 2536 1179 2580 subsidia
1222 2535 1289 2580 rei
1332 2535 1543 2594 publicae

62 2620 117 2664 35
139 2610 411 2654 firmissimis
433 2611 673 2669 praesidiis
690 2611 1000 2669 classibusque
1017 2610 1232 2655 munivit.
1299 2609 1419 2655 Inde
1436 2625 1537 2656 cum
