1702 2826
389 132 482 176 DE
522 132 809 177 IMPERIO
854 132 954 178 GN.
1000 131 1268 177 POMPEI.
1473 133 1529 176 13

137 265 253 311 quae
284 251 462 311 magnis
494 265 708 310 oppressa
733 250 937 295 hostium
966 252 1107 310 copiis
1139 266 1295 295 60111111
1328 251 1532 310 ipsorum

138 327 359 387 sanguine
401 327 707 372 redundavit:
759 328 894 372 testis
947 332 1017 372 est
1061 327 1226 383 Gallia,
1271 343 1353 387 per
1396 343 1532 387 quam

138 403 392 463 legionibus
416 403 587 448 nostris
614 403 706 446 iter
735 401 787 445 in
816 402 1095 462 Hispaniam
1126 403 1364 448 Gallorum
1396 404 1534 447 inter·
1554 419 1564 430 ⁴

138 480 318 524 nicione
359 478 642 538 patefactum
685 484 783 526 est:
837 480 970 524 testis
1014 484 1084 524 est
1127 480 1371 539 Hispania,
1418 495 1535 539 quae

138 555 399 614 saepissime
430 555 652 614 plurimos
683 556 838 601 hostes
869 556 927 600 ab
955 555 1041 600 hoc
1073 559 1311 614 superatos
1338 559 1535 614 prostra-

138 635 300 690 tosque
329 631 567 689 conspexit
589 648 597 675 :
630 632 763 675 testis
795 636 866 676 est
894 631 1063 675 iterum
1090 636 1138 675 et
1169 632 1351 690 saepius
1379 631 1532 686 Italia,

139 722 256 766 quae
270 722 372 751 cum
390 706 545 751 servili
562 707 681 751 bello
704 712 854 751 taetro
876 707 1220 765 periculosoque
1236 712 1532 765 premeretur,

139 784 197 828 ab
218 783 305 828 hoo
325 783 551 827 auxilium
573 783 761 827 absente
778 783 1016 842 expetivit,
1036 783 1158 841 quod
1171 783 1343 827 bellum
1357 799 1535 842 exspec-

140 859 316 903 tatione
337 858 435 903 eius
456 863 749 902 attenuatum
765 864 903 917 atque
920 859 1216 902 imminutum
1234 863 1315 914 est,
1331 859 1536 903 adventu

140 935 372 980 sublatum
405 950 457 978 60
489 934 747 993 sepultum:
785 939 926 978 testes
958 950 1082 978 nunc
1113 949 1222 978 vero
1254 934 1346 978 iam
1380 950 1537 979 omnes
1562 940 1609 984 31

141 1024 246 1054 orae
267 1013 407 1068 atque
439 1024 595 1054 omnes
624 1014 808 1054 exterae
829 1015 989 1069 gentes
1010 1026 1063 1054 60
1090 1011 1314 1064 nationes,
1340 1011 1536 1069 denique

141 1085 287 1130 maria
307 1085 473 1139 omnia,
493 1100 596 1129 cum
619 1086 845 1140 universa,
861 1090 961 1130 tum
985 1086 1035 1129 in
1057 1086 1249 1143 singulis
1266 1086 1358 1130 oris
1380 1101 1537 1131 omnes

142 1161 270 1206 sinus
290 1164 429 1219 atque
450 1166 622 1218 portus.
692 1160 806 1214 Quis
828 1161 950 1205 enim
973 1166 1072 1205 toto
1089 1161 1206 1204 mari
1219 1161 1344 1205 100116
1358 1176 1440 1220 per
1454 1161 1538 1206 hos

142 1247 287 1278 annos
328 1238 412 1278 aut
453 1238 549 1277 tam
582 1235 766 1278 firmum
797 1234 962 1278 habuit
994 1235 1285 1293 praesidium,
1321 1241 1376 1279 ut
1407 1240 1539 1280 tutus

143 1312 273 1363 esset,
297 1313 380 1352 aut
400 1313 496 1352 tam
521 1309 610 1352 fuit
632 1309 829 1363 abditus,
855 1314 910 1353 ut
931 1310 1122 1354 lateretl
1158 1309 1273 1363 Quis
1285 1311 1537 1369 navigavit,

143 1384 223 1443 qui
244 1398 339 1428 non
361 1398 408 1427 se
430 1388 512 1427 aut
541 1384 703 1428 mortis
730 1389 813 1428 aut
843 1385 1081 1429 servitutis
1110 1385 1312 1444 periculo
1339 1386 1540 1430 commit-

143 1464 275 1515 teret,
311 1475 415 1504 011111
458 1465 541 1504 aut
583 1460 732 1505 hieme
774 1466 857 1506 aut
895 1461 1064 1505 referto
1103 1463 1386 1520 praedonum
1424 1463 1540 1507 mari

143 1536 414 1593 navigaret?
461 1536 567 1581 Hoc
581 1541 767 1581 tantum
789 1537 972 1592 bellum,
989 1542 1086 1581 tam
1108 1544 1256 1597 turpe,
1273 1544 1369 1583 tam
1393 1544 1538 1594 vetus,

144 1616 239 1656 tam
262 1611 356 1656 late
378 1611 577 1656 divisum
599 1617 738 1671 atque
760 1613 1015 1672 dispersum
1042 1614 1146 1672 quis
1177 1630 1396 1674 umquam
1425 1616 1541 1660 arbi-

144 1691 350 1732 traretur
374 1691 458 1731 aut
486 1687 544 1731 ab
577 1688 790 1732 omnibus
814 1688 1170 1746 imperatoribus
1194 1704 1288 1733 uno
1314 1705 1436 1733 anno
1459 1694 1541 1733 aut

146 1764 359 1808 omnibus
371 1763 506 1808 annis
521 1764 580 1808 ab
596 1778 690 1808 uno
706 1764 982 1822 imperatore
999 1764 1158 1808 confici
1176 1766 1333 1822 posse‘l
1391 1764 1541 1818 Quam
1563 1764 1616 1808 32

146 1825 429 1898 provinciam
455 1838 673 1883 tenuistis
701 1854 729 1883 a
757 1839 1066 1897 praedonibus
1093 1839 1284 1883 liberam
1306 1854 1388 1898 per
1409 1840 1542 1884 hosce

146 1913 323 1958 annos?
354 1913 478 1971 quod
506 1913 703 1972 vectigal
731 1915 862 1958 vobis
882 1919 1038 1958 tutum
1061 1914 1182 1958 fuit?
1214 1929 1348 1973 quem
1371 1916 1541 1959 socium

147 1986 450 2031 defendistis?
502 1987 576 2031 cui
618 1988 846 2046 praesidio
889 1989 1108 2033 classibus
1150 1989 1316 2033 vestris
1358 1989 1542 2033 fuistis?

150 2062 299 2116 Quam
330 2063 502 2107 multas
530 2064 807 2109 existimatis
835 2065 1010 2109 insulas
1040 2079 1136 2108 esse
1165 2064 1380 2119 desertas,
1406 2080 1543 2121 quam

148 2137 318 2181 multas
360 2142 444 2181 aut
477 2142 604 2182 metu
643 2138 825 2182 relictas
859 2143 942 2182 aut
985 2153 1012 2182 a
1047 2138 1354 2196 praedonibus
1387 2143 1544 2197 captas

149 2214 284 2258 urbes
305 2228 402 2258 6666
423 2215 678 2259 sociorum?
740 2214 860 2259 XII.
929 2214 1020 2259 Sed
1048 2214 1160 2273 quid
1189 2228 1272 2272 ego
1293 2213 1544 2272 longinqua

149 2290 474 2334 oommemorol
516 2290 628 2334 Fuit
644 2290 730 2334 hoo
751 2290 996 2348 quondam,
1012 2289 1105 2333 fuit
1126 2290 1363 2348 proprium
1385 2290 1544 2348 populi

150 2365 361 2421 Romani,
379 2365 514 2424 longe
535 2381 563 2410 a
579 2366 714 2411 domo
734 2367 905 2411 bellare
923 2371 970 2410 et
992 2366 1347 2425 propugnaculis
1363 2367 1543 2424 imperii

149 2441 372 2486 sociorum
409 2441 633 2498 fortunas,
671 2458 766 2487 non
802 2458 885 2488 6116
918 2448 1042 2487 tecta
1076 2443 1332 2487 defendere.
1401 2443 1542 2487 Sociis

149 2533 230 2576 ego
253 2519 422 2563 nostris
438 2533 563 2563 mare
585 2535 667 2579 per
679 2519 813 2563 hosce
834 2534 980 2563 annos
1002 2519 1207 2563 clausum
1218 2518 1359 2563 fuisse
1381 2518 1541 2573 dicam,

149 2609 252 2638 eum
273 2594 502 2638 exercitus
525 2595 666 2638 vestri
689 2610 939 2652 numquam
963 2610 990 2638 a
1013 2594 1262 2637 Brundisio
1283 2594 1373 2637 nisi
1396 2594 1543 2638 hieme

1298 2684 1418 2726 5-2
