1702 2826
402 102 494 145 DE
535 100 825 146 IMPERIO
869 99 966 145 CN.
1015 99 1278 144 POMPEI.
1512 99 1538 145 ⁷

142 228 254 271 anni
298 226 476 283 fructus
519 239 611 268 uno
654 237 836 267 rumore
878 222 1071 280 periculi
1112 227 1253 279 atque
1296 236 1388 265 uno
1431 221 1540 265 belli

142 305 316 344 terrore
337 294 580 343 amittitur.
634 296 736 350 Quo
758 296 945 340 tandem
967 296 1122 340 animo
1144 311 1241 339 esse
1263 295 1541 340 existimatis
1566 293 1620 337 16

142 379 225 418 aut
257 389 346 431 eos,
383 374 463 432 qui
500 372 742 429 vectigalia
774 370 907 415 nobis
940 370 1188 429 pensitant,
1223 374 1306 414 aut
1338 385 1425 425 eos,
1461 370 1541 429 qui

144 454 358 494 exercent
386 453 526 508 atque
555 448 760 506 exigunt,
786 462 889 490 cum
920 446 1011 490 duo
1039 461 1166 504 reges
1194 461 1298 489 cum
1327 445 1541 488 maximis

143 524 284 583 copiis
315 533 503 582 propter
535 522 718 566 adsint‘l
783 537 886 565 cum
918 537 1013 565 una
1056 521 1263 565 excursio
1307 521 1541 580 equitatus

143 599 353 658 perbrevi
384 603 589 656 tempore
622 598 766 641 totius
797 597 908 640 anni
942 598 1136 655 vectigal
1166 597 1347 641 auferre
1369 597 1543 655 possit?

143 691 247 719 cum
289 674 522 733 publicani
564 673 763 716 familias
817 673 1052 728 maximas,
1099 688 1212 732 quas
1254 673 1304 716 in
1347 673 1540 716 saltibus

142 751 326 805 habent,
346 765 459 809 quas
479 750 530 793 in
552 750 685 808 agris,
706 765 819 808 quas
841 749 890 792 in
913 750 1138 807 portubus
1153 756 1293 808 atque
1307 752 1537 806 custodiis,

143 841 308 885 magno
331 826 532 885 periculo
554 841 601 869 se
623 825 792 869 habere
814 826 1128 870 arbitrentur‘t
1193 826 1437 870 Putatisne
1460 842 1540 871 vos

141 903 233 947 illis
255 903 391 947 rebus
415 902 509 946 frui
538 917 679 960 posse,
705 902 795 945 nisi
829 917 916 958 eos,
943 903 1022 961 qui
1051 903 1180 946 vobis
1210 901 1384 946 fructui
1416 908 1537 958 sunt,

142 978 476 1033 conservaritis,
500 992 594 1021 non
626 977 786 1030 solum,
812 982 866 1020 ut
894 982 1004 1021 ante
1026 978 1136 1033 dixi,
1162 978 1435 1033 calamitate,
1462 979 1538 1022 sed

143 1054 282 1097 etiam
305 1052 580 1097 calamitatis
602 1052 846 1096 formidine
868 1052 1113 1096 liberatos?

235 1130 351 1174 VII.
419 1129 492 1172 Ac
513 1144 571 1172 ne
600 1129 717 1173 illud
739 1129 924 1188 quidem
947 1130 1078 1174 vobis
1099 1131 1432 1189 neglegendum
1456 1137 1536 1187 est,
1562 1134 1616 1177 17

141 1203 262 1262 quod
291 1203 405 1247 mihi
434 1218 517 1262 ego
547 1208 803 1246 extremum
827 1218 1164 1261 proposueram,
1190 1220 1292 1248 cum
1316 1221 1459 1250 essem
1482 1206 1538 1250 de

139 1280 248 1324 belli
269 1294 434 1338 genere
456 1279 674 1334 dicturus,
701 1279 823 1338 quod
852 1279 912 1324 ad
941 1281 1192 1324 multorum
1219 1282 1340 1326 bona
1368 1283 1551 1326 civium·

141 1355 455 1399 Romanorum
486 1354 717 1412 pertinet:
753 1370 947 1413 quorum
980 1356 1110 1400 vobis
1142 1372 1225 1415 pro
1248 1362 1401 1401 vestra
1424 1359 1538 1416 sapi-

139 1431 277 1486 entia,
303 1430 519 1485 Quirites,
543 1429 754 1474 habenda
778 1435 847 1474 est
878 1432 997 1475 ratio
1020 1431 1275 1490 diligenter.
1344 1433 1468 1477 Nam
1492 1440 1538 1478 et

138 1508 383 1566 publicani,
403 1507 610 1551 homines
630 1507 941 1552 honestissimi
963 1513 1102 1567 atque
1123 1510 1415 1565 ornatissimi,
1432 1526 1538 1555 suas

138 1583 338 1627 rationes
375 1588 422 1627 et
455 1583 606 1641 copias
643 1583 693 1626 in
735 1583 863 1626 illam
902 1584 1184 1641 provinciam
1227 1585 1535 1641 contulerunt,

138 1674 332 1717 quorum
345 1659 549 1717 ipsorum
566 1675 648 1717 per
669 1675 716 1703 se
738 1669 811 1703 res
833 1664 880 1702 et
901 1659 1116 1704 fortunae
1133 1661 1262 1704 vobis
1284 1677 1419 1706 curae
1441 1677 1536 1706 esse

138 1734 332 1790 debent;
367 1735 537 1779 etenim
570 1735 608 1779 si
634 1735 876 1793 vectigalia
908 1751 1074 1779 nervos
1105 1751 1201 1780 esse
1233 1737 1299 1780 rei
1329 1738 1536 1795 publicae

137 1827 314 1871 semper
335 1813 563 1867 duximus,
590 1828 694 1858 eum
724 1818 845 1858 certe
875 1814 1094 1868 ordinem,
1121 1814 1200 1873 qui
1233 1820 1414 1859 exercet
1441 1816 1533 1870 illa,

136 1888 476 1932 firmamentum
509 1892 764 1932 ceterorum
797 1888 1011 1932 ordinum
1043 1894 1166 1933 recte
1195 1905 1290 1933 esse
1320 1890 1531 1936 dicemus.

138 1963 319 2008 Deinde
351 1979 410 2008 ex
443 1964 605 2008 ceteris
637 1963 876 2008 ordinibus
909 1964 1117 2009 homines
1147 1966 1287 2024 gnavi
1309 1970 1448 2025 atque
1470 1968 1536 2010 in·
1562 1963 1617 2008 18

136 2039 303 2084 dustrii
345 2039 514 2098 partim
547 2039 636 2098 ipsi
679 2039 730 2083 in
761 2040 879 2083 Asia
910 2041 1218 2098 negotiantur,
1256 2044 1422 2101 quibus
1454 2060 1536 2089 vos

135 2115 401 2160 absentibus
454 2115 688 2160 consulere
741 2115 929 2171 debetis,
976 2117 1145 2174 partim
1189 2133 1346 2162 eorum
1389 2121 1439 2163 in
1482 2136 1535 2164 ea

135 2189 371 2248 provincia
414 2189 630 2248 pecunias
664 2205 855 2248 magnas
893 2190 1134 2234 collocatas
1177 2191 1360 2237 habent.
1429 2194 1535 2238 Erit

134 2265 277 2323 igitur
307 2264 612 2308 humanitatis
645 2269 824 2309 vestrae
852 2280 1070 2323 magnum
1103 2282 1346 2314 numerum
1376 2287 1532 2317 eorum

134 2341 304 2384 civium
325 2340 587 2385 calamitate
620 2341 872 2399 prohibere,
899 2342 1153 2400 sapientiae
1174 2345 1341 2405 videre,
1371 2350 1533 2394 multo-

135 2435 237 2463 rum
266 2419 435 2464 civium
469 2420 777 2465 calamitatem
810 2436 837 2464 a
869 2436 918 2465 re
944 2422 1127 2479 publica
1152 2422 1405 2466 seiunctam
1437 2438 1534 2468 esse

133 2510 227 2539 non
263 2510 404 2554 posse.
473 2496 660 2540 Etenim
699 2498 899 2555 primum
934 2497 1050 2542 illud
1088 2498 1220 2556 parvi
1255 2498 1408 2553 refert,
1449 2515 1533 2544 nos

136 2570 418 2629 †publicanis
430 2572 608 2616 amissis
615 2573 856 2631 vectigalia
869 2578 1026 2630 postea
1040 2573 1232 2617 victoria
1245 2588 1532 2631 recuperare,
