1702 2826
159 174 187 217 6
419 175 510 219 DE
554 175 842 222 IMPERIO
887 176 986 223 GN.
1034 177 1302 224 POMPEI.

157 307 354 350 quorum
398 295 593 339 salutem
640 296 726 339 tali
771 297 871 341 viro
916 299 1257 358 commendetis,
1299 306 1440 360 atque
1481 301 1566 346 hoc

157 369 298 413 etiam
338 372 495 430 magis,
535 372 658 430 quod
697 377 872 417 ceteros
905 375 956 417 in
994 364 1277 432 provinciam
1311 377 1410 421 eius
1441 377 1566 422 modi

155 443 365 490 homines
397 461 502 490 cum
528 447 723 506 imperio
750 448 993 507 mittimus,
1023 455 1089 507 ut,
1115 451 1256 495 etiam
1282 452 1322 496 si
1347 452 1406 496 ab
1434 452 1565 496 hoste
1597 459 1600 462 ’

156 519 417 576 defendant,
446 526 604 566 tamen
626 523 832 581 ipsorum
855 524 1085 570 adventus
1106 526 1156 569 in
1178 526 1316 571 urbes
1338 527 1564 571 sociorum

155 609 249 637 non
282 595 482 639 multum
508 597 567 640 ab
601 596 760 641 hostili
788 599 1133 658 expugnatione
1165 600 1410 646 differant:
1441 601 1565 646 hunc

154 670 407 715 audiebant
440 678 590 730 antea,
619 689 744 718 nunc
776 681 1067 733 praesentem
1095 676 1257 720 vident
1288 681 1423 720 tanta
1453 681 1565 721 tem-

154 748 378 805 perantia,
409 753 545 793 tanta
568 751 937 809 mansuetudine,
966 757 1101 797 tanta
1121 752 1427 811 humanitate,
1454 758 1509 798 ut
1529 753 1564 797 ii

154 823 407 868 beatissimi
450 841 546 870 esse
590 827 850 885 videantur,
888 828 1012 886 apud
1045 844 1161 887 quos
1191 829 1270 873 iUe
1303 829 1561 873 diutissime

155 906 475 946 commoratur.

75 988 129 1031 14
249 975 335 1019 VI.
406 977 571 1035 Quare,
613 979 650 1022 si
689 985 877 1038 propter
909 980 1064 1038 socios,
1104 981 1232 1024 nulla
1270 981 1358 1039 ipsi
1392 981 1564 1025 iniuria

154 1049 364 1108 lacessiti,
393 1054 590 1099 maiores
611 1055 761 1099 nostri
787 1070 892 1099 cum
913 1056 1163 1114 Antiocho,
1192 1072 1297 1101 cum
1327 1056 1556 1116 Philippo,

153 1142 257 1170 cum
291 1128 484 1187 Aetolis,
514 1144 619 1173 cum
652 1130 821 1174 Poenis
846 1131 968 1174 bella
992 1137 1246 1190 gesserunt,
1273 1137 1448 1191 quanto
1481 1147 1563 1177 vos

152 1203 308 1247 studio
331 1205 559 1263 convenit,
588 1206 775 1250 iniuriis
801 1213 1083 1265 provocatos,
1110 1209 1335 1252 sociorum
1366 1208 1561 1252 salutem

152 1299 246 1327 una
268 1299 371 1328 cum
395 1282 578 1341 imperii
595 1283 739 1326 vestri
761 1282 989 1341 dignitate
1014 1283 1272 1340 defendere,
1292 1284 1560 1342 praesertim

150 1380 254 1409 cum
295 1364 351 1407 de
387 1361 601 1405 maximis
639 1361 805 1405 vestris
840 1361 1142 1419 vectigalibus
1175 1362 1371 1419 agatur?
1434 1360 1559 1405 Nam

150 1446 405 1486 ceterarum
460 1437 803 1497 provinciarum
858 1438 1112 1496 vectigalia,
1161 1438 1377 1495 Quirites,
1426 1442 1560 1482 tanta

149 1522 273 1576 sunt,
302 1522 357 1561 ut
389 1517 447 1560 iis
473 1515 533 1560 ad
562 1515 686 1574 ipsas
715 1515 976 1573 provincias
1005 1515 1227 1559 tutandas
1249 1515 1330 1558 vix
1352 1515 1559 1560 contenti

148 1609 246 1638 esse
267 1593 494 1652 possimus
514 1608 523 1636 :
559 1592 677 1636 Asia
701 1607 809 1636 vero
831 1597 929 1636 tam
952 1593 1105 1651 opima
1128 1598 1198 1637 est
1219 1608 1272 1636 ac
1295 1593 1476 1650 fertilis,
1503 1597 1558 1637 ut

148 1674 196 1714 et
225 1670 439 1713 ubertate
464 1683 680 1726 agrorum
704 1672 752 1712 et
783 1669 1006 1713 varietate
1037 1669 1274 1713 fructuum
1307 1674 1356 1713 et
1386 1670 1557 1728 magni-

151 1744 314 1788 tudine
337 1743 562 1802 pastionis
584 1748 631 1787 et
654 1743 955 1788 multitudine
979 1759 1136 1788 earum
1161 1759 1327 1800 rerum,
1345 1759 1462 1803 quae
1483 1759 1557 1788 ex-

149 1824 407 1878 portantur,
452 1818 587 1862 facile
630 1819 845 1863 omnibus
891 1820 1028 1863 terris
1063 1820 1320 1865 antecellat.
1389 1819 1556 1879 Itaque

148 1897 259 1940 haec
283 1896 412 1939 vobis
434 1896 682 1954 provincia,
715 1895 932 1953 Quirites,
962 1896 1001 1939 si
1024 1901 1071 1939 et
1094 1896 1203 1939 belli
1233 1895 1487 1940 utilitatem
1509 1900 1557 1939 et

150 1972 274 2030 pacis
307 1971 582 2029 dignitatem
617 1970 816 2014 retinere
850 1970 1005 2028 vultis,
1034 1986 1128 2015 non
1160 1970 1296 2014 modo
1321 1985 1350 2014 a
1378 1969 1554 2014 calami-

149 2053 260 2105 tate,
300 2048 379 2092 sed
418 2048 558 2091 etiam
593 2062 621 2090 a
655 2052 783 2091 metu
818 2047 1096 2091 calamitatis
1139 2051 1209 2091 est
1252 2046 1551 2091 defendenda.

69 2129 120 2174 15
151 2125 275 2169 Nam
297 2125 348 2168 in
370 2124 533 2168 ceteris
556 2124 704 2179 rebus,
730 2139 834 2167 011111
859 2124 986 2167 venit
1016 2124 1267 2180 calamitas,
1294 2128 1395 2166 tum
1418 2123 1553 2166 detri-

150 2206 357 2245 mentum
384 2200 634 2259 accipitur:
681 2205 731 2243 at
763 2200 813 2243 in
847 2201 1148 2258 vectigalibus
1180 2215 1274 2244 non
1303 2199 1450 2244 solum
1479 2199 1553 2243 ad-

149 2282 317 2321 ventus
340 2277 461 2333 mali,
491 2276 570 2320 sed
594 2276 733 2319 etiam
757 2281 909 2320 metus
930 2276 1028 2335 ipse
1050 2276 1204 2320 adfert
1226 2276 1548 2320 calamitatem.

149 2355 273 2398 Nam
307 2369 409 2397 cum
440 2353 642 2396 hostium
677 2353 832 2411 copiae
858 2367 952 2396 non
981 2353 1115 2411 longe
1144 2353 1326 2407 absunt,
1351 2352 1490 2395 etiam
1514 2353 1552 2396 si

146 2427 354 2486 inruptio
368 2427 497 2470 nulla
514 2427 638 2471 facta
660 2435 743 2483 est,
763 2433 920 2471 tamen
935 2443 1079 2486 pecua
1092 2428 1430 2486 relinquuntur,
1452 2428 1552 2486 agri

146 2504 329 2549 cultura
362 2503 602 2560 deseritur,
640 2508 943 2548 mercatorum
983 2505 1219 2563 navigatio
1254 2507 1545 2565 conquiescit.

147 2579 224 2622 Ita
247 2592 394 2636 neque
417 2593 474 2621 ex
497 2584 636 2636 portu
659 2594 808 2637 neque
830 2593 889 2622 ex
918 2578 1121 2622 decumis
1151 2594 1299 2637 neque
1329 2594 1388 2623 ex
1414 2581 1550 2639 scrip-

146 2661 253 2701 tura
290 2655 483 2713 vectigal
518 2656 778 2699 conservari
817 2661 996 2713 potest3
1043 2671 1184 2714 quare
1228 2671 1361 2713 saepe
1405 2655 1551 2700 totius
