1702 2826
207 140 265 187 28
461 141 554 185 DE
598 140 888 189 IMPERIO
933 142 1034 192 GN.
1079 144 1354 193 POMPEI.

205 264 415 309 homines
443 266 491 309 in
522 266 782 324 provincias
811 272 858 311 et
887 267 1055 326 quibus
1082 267 1284 323 iacturis,
1309 268 1476 328 quibus
1503 285 1607 315 con-

208 340 464 385 dicionibus
486 342 845 400 proficiscantur,
862 343 1079 401 ignorant
1100 343 1316 389 videlicet
1337 345 1429 400 isti,
1453 346 1535 404 qui
1548 345 1609 391 ad

209 432 352 461 unum
392 417 640 463 deferenda
677 419 832 464 omnia
870 434 967 464 esse
1002 435 1096 464 non
1128 421 1446 467 arbitrantur:
1479 422 1610 480 quasi

209 507 317 536 vero
342 492 422 537 On.
442 492 713 552 Pompeium
727 509 822 538 non
839 510 942 539 cum
959 495 1054 539 suis
1072 496 1339 552 virtutibus,
1355 501 1456 541 tum
1471 498 1609 542 etiam

131 574 187 618 68
209 568 371 612 alienis
401 569 530 612 vitiis
562 585 779 628 magnum
826 585 924 615 esse
955 570 1204 616 videamus.
1273 572 1426 626 Quare
1467 572 1612 620 nolite

209 642 422 688 dubitare
455 644 569 703 quin
601 645 708 689 huic
740 645 823 689 uni
849 646 1047 691 credatis
1079 647 1245 704 omnia,
1277 650 1358 707 qui
1389 649 1514 695 inter
1540 654 1613 694 tot

210 736 355 766 annos
376 736 497 765 unus
519 722 738 766 inventus
762 722 835 777 sit,
861 738 998 782 quem
1021 723 1131 768 socii
1152 723 1202 768 in
1223 725 1360 770 urbes
1381 740 1488 771 suas
1509 741 1611 770 cum

211 796 416 841 exercitu
439 797 619 841 venisse
640 797 884 856 gaudeant.

307 872 482 926 Quodsi
512 873 867 918 auctoritatibus
898 873 1018 919 hanc
1049 889 1245 931 causam,
1273 874 1489 931 Quirites,
1513 891 1616 921 con-

212 949 483 994 firmandam
528 950 718 1009 putatis,
764 955 836 995 est
879 951 1009 995 vobis
1062 956 1224 996 auctor
1266 952 1339 996 vir
1390 952 1614 998 bellorum

213 1026 417 1071 omnium
485 1026 886 1086 maximarumque
955 1042 1109 1071 rerum
1175 1028 1492 1087 peritissimus,
1559 1027 1612 1075 P.

214 1100 448 1156 Servilius,
485 1101 616 1145 cuius
647 1106 806 1146 tantae
840 1117 912 1146 res
955 1107 1110 1160 gestae
1142 1107 1268 1147 terra
1301 1103 1509 1163 marique
1541 1118 1617 1148 ex·
1643 1123 1652 1128 ·

214 1176 448 1232 stiterunt,
483 1181 550 1232 ut,
586 1192 690 1221 cum
723 1177 780 1221 de
822 1177 942 1222 bello
976 1177 1250 1234 deliberetis,
1285 1183 1446 1224 auctor
1487 1179 1618 1224 vobis

215 1253 398 1312 gravior
419 1269 553 1298 nemo
578 1269 674 1298 esse
688 1254 880 1311 debeat3
913 1259 984 1299 est
1007 1254 1054 1300 O.
1077 1255 1229 1311 Curio,
1249 1256 1440 1301 summis
1452 1255 1618 1301 vestris

215 1328 446 1373 beneficiis
467 1329 773 1388 maximisque
805 1330 943 1374 rebus
971 1330 1124 1388 gestis,
1149 1345 1327 1375 summo
1357 1331 1542 1390 ingenio
1571 1334 1619 1375 et

216 1405 464 1464 prudentia
495 1406 759 1464 praeditus3
793 1411 864 1451 est
892 1407 974 1452 On.
1001 1407 1242 1463 Lentulus,
1267 1408 1317 1451 in
1345 1422 1436 1467 quo
1461 1421 1619 1452 omnes

217 1497 300 1540 pro
321 1482 617 1541 amplissimis
639 1483 806 1527 vestris
828 1482 1079 1528 honoribus
1107 1498 1337 1528 summum
1363 1483 1616 1540 consilium,

217 1573 442 1602 summam
474 1558 752 1617 gravitatem
780 1574 876 1603 esse
904 1559 1209 1618 cognovistis3
1242 1563 1313 1604 est
1339 1559 1388 1604 G.
1420 1558 1617 1614 Cassius,

217 1634 497 1692 integritate,
515 1634 703 1690 virtute,
721 1635 982 1679 constantia
998 1635 1231 1694 singulari.
1281 1635 1435 1689 Quare
1451 1633 1618 1690 videte,
1644 1653 1648 1656 ’

217 1711 442 1756 horumne
495 1711 850 1756 auctoritatibus
902 1712 1087 1756 illorum
1140 1711 1351 1768 orationi,
1396 1711 1477 1771 qui
1529 1710 1619 1756 dis-

219 1787 440 1842 sentiunt,
465 1786 741 1846 respondere
763 1802 894 1846 posse
916 1787 1167 1832 videamur.

141 1869 195 1914 69
317 1863 508 1908 XXIV.
578 1862 709 1917 Quae
741 1878 845 1907 cum
877 1863 945 1907 ita
977 1863 1084 1918 sint,
1120 1862 1168 1907 G.
1205 1862 1385 1917 Manili,
1420 1861 1618 1921 primum

221 1941 356 1984 istam
379 1945 508 1984 tuam
532 1944 580 1984 et
600 1939 746 1998 legem
762 1944 809 1984 et
822 1939 1109 1993 voluntatem
1127 1943 1175 1984 et
1191 1939 1469 1984 sententiam
1484 1938 1622 1983 laudo

222 2015 713 2074 vehementissimeque
755 2016 1029 2075 comprobo3
1079 2015 1246 2060 deinde
1286 2019 1335 2059 te
1376 2014 1537 2059 hortor
1569 2018 1624 2058 ut

222 2099 407 2139 auctore
450 2093 620 2153 populo
663 2094 875 2139 Romano
918 2108 1103 2138 maneas
1144 2093 1195 2138 in
1237 2092 1467 2138 sententia
1507 2107 1624 2137 neve

225 2170 494 2229 cuiusquam
517 2169 612 2213 vim
635 2173 718 2213 aut
739 2169 888 2213 minas
910 2169 1215 2228 pertimescas.
1274 2167 1484 2213 Primum
1505 2167 1556 2212 in
1577 2172 1624 2211 te

224 2246 336 2291 satis
380 2260 475 2290 esse
512 2244 656 2289 animi
693 2244 1151 2304 perseverantiaeque
1184 2243 1386 2288 arbitror
1398 2257 1411 2299 3
1459 2241 1625 2287 deinde

227 2338 329 2367 cum
363 2326 544 2366 tantam
582 2321 931 2366 multitudinem
966 2337 1070 2366 cum
1104 2325 1238 2366 tanto
1276 2319 1430 2365 studio
1468 2319 1626 2365 adesse

231 2399 476 2456 videamus,
513 2403 735 2459 quantam
769 2398 938 2443 iterum
982 2412 1106 2441 nunc
1146 2396 1196 2440 in
1239 2394 1398 2441 eodem
1441 2394 1626 2439 homine

226 2474 530 2534 praeficiendo
561 2475 782 2529 videmus,
808 2473 921 2532 quid
947 2477 1017 2517 est
1046 2471 1169 2531 quod
1199 2475 1283 2516 aut
1307 2470 1364 2515 de
1394 2485 1443 2514 re
1464 2474 1548 2514 aut
1569 2469 1626 2514 de

227 2548 491 2607 perficiendi
534 2548 757 2593 facultate
793 2547 1085 2592 dubitemus?
1149 2546 1248 2604 Ego
1291 2549 1459 2599 autem,
1493 2543 1623 2602 quid-

228 2623 340 2684 quid
361 2629 432 2669 est
453 2623 503 2668 in
526 2639 598 2668 me
615 2623 770 2678 studii,
790 2622 980 2678 consilii,
1000 2621 1180 2676 labori8‚
1198 2619 1386 2679 ingenii,
1401 2617 1623 2679 quidquid
