1702 2826
146 157 172 200 2
398 156 493 201 DE
536 157 826 202 IMPERIO
872 156 972 202 GN.
1020 156 1286 200 POMPEI.

144 274 230 318 bus
252 275 526 319 mandandis
548 290 644 319 esse
662 275 885 333 voluistis,
907 280 954 319 et
976 275 1035 319 ad
1057 275 1285 333 agendum
1307 274 1542 319 facultatis

144 355 341 407 tantum,
391 356 615 409 quantum
667 351 844 395 homini
886 351 1100 410 vigilanti
1142 366 1200 395 ex
1242 351 1413 395 forensi
1456 365 1541 395 usu

143 441 284 484 prope
307 426 538 470 cotidiana
560 426 741 471 dicendi
757 427 1026 471 exercitatio
1039 427 1194 485 potuit
1209 426 1402 483 adferre,
1421 431 1542 470 certe
1585 444 1588 447 ’

143 505 190 544 et
223 501 261 545 si
294 501 405 560 quid
431 502 722 546 auctoritatis
750 503 800 545 in
831 517 904 546 me
937 507 1018 559 est,
1053 502 1176 561 apud
1210 518 1286 547 eos
1317 507 1435 559 utar,
1463 502 1541 561 qui

143 591 244 620 eam
279 578 393 621 mihi
431 578 671 635 dederunt,
713 584 760 622 et
803 579 842 622 si
875 578 985 637 quid
1018 579 1068 622 in
1101 578 1291 622 dicendo
1329 577 1540 637 consequi

144 669 340 712 possum,
377 655 434 698 iis
467 655 704 699 ostendam
739 655 1039 714 potissimum,
1077 655 1156 714 qui
1189 655 1230 698 ei
1265 669 1444 713 quoque
1476 654 1543 698 rei

101 734 126 777 3
146 730 349 775 fructum
373 746 454 775 suo
477 732 646 776 iudicio
669 732 967 776 tribuendum
990 746 1086 775 esse
1104 730 1350 775 duxerunt.
1383 730 1544 789 Atque

145 806 261 850 illud
290 807 339 850 in
368 808 530 865 primis
557 807 672 850 mihi
701 807 970 851 laetandum
1000 807 1100 850 iure
1129 821 1226 850 esse
1248 804 1393 862 video,
1422 805 1543 864 quod

144 882 194 925 in
216 883 301 927 hac
322 883 509 927 insolita
531 870 645 926 mihi
669 898 725 926 ex
755 883 840 927 hoc
869 883 966 927 loco
995 882 1173 927 ratione
1202 881 1384 926 dicendi
1409 896 1545 926 causa

145 958 251 1002 talis
285 959 440 1003 oblata
473 964 553 1015 est,
590 960 640 1002 in
674 975 765 1018 qua
797 959 945 1003 oratio
989 959 1143 1004 deesse
1177 959 1351 1003 nemini
1385 958 1540 1017 possit.

146 1034 404 1078 Dicendum
428 1039 497 1078 est
511 1034 633 1078 enim
658 1035 713 1078 de
737 1035 818 1079 On.
837 1035 1028 1093 Pompei
1051 1035 1272 1093 singulari
1286 1035 1544 1094 eximiaque

149 1110 340 1154 virtute:
387 1111 526 1155 huius
558 1115 714 1154 autem
748 1110 970 1155 orationis
1003 1111 1233 1155 difficilius
1265 1115 1335 1155 est
1366 1110 1541 1154 exitum

146 1200 283 1244 quam
315 1184 592 1244 principium
622 1186 842 1231 invenire.
911 1187 989 1230 Ita
1021 1187 1135 1230 mihi
1166 1202 1259 1230 non
1286 1191 1383 1231 tam
1416 1186 1546 1245 copia

147 1278 284 1321 quam
306 1262 469 1306 modus
490 1263 539 1305 in
563 1262 754 1307 dicendo
777 1263 1064 1322 quaerendus
1086 1268 1167 1308 est.

100 1338 128 1381 4
241 1338 306 1383 II.
374 1339 534 1396 Atque
562 1343 617 1382 ut
648 1338 756 1382 inde
778 1339 925 1383 oratio
947 1355 1050 1383 mea
1070 1339 1395 1397 proficiscatur,
1423 1339 1545 1383 unde

146 1414 257 1458 haec
279 1414 428 1458 omnis
445 1429 581 1457 causa
602 1413 798 1471 ducitur,
819 1414 989 1458 bellum
1012 1429 1151 1472 grave
1172 1418 1220 1458 et
1240 1414 1544 1473 periculosum

149 1489 312 1533 vestris
346 1489 644 1547 vectigalibus
676 1504 729 1533 ac
761 1490 893 1534 sociis
934 1506 963 1534 a
995 1490 1173 1534 duobus
1216 1490 1546 1548 potentissimis

147 1564 330 1621 regibus
351 1563 564 1620 infertur,
593 1563 870 1608 Mithridate
897 1569 945 1608 et
973 1564 1181 1622 Tigrane,
1211 1580 1407 1623 quorum
1428 1564 1547 1609 alter

147 1642 344 1698 relictus,
365 1641 483 1685 alter
499 1641 736 1685 lacessitus
750 1641 1028 1685 occasionem
1047 1641 1133 1684 sibi
1155 1641 1215 1685 ad
1236 1640 1544 1699 occupandam

149 1717 312 1760 Asiam
335 1717 535 1760 oblatam
558 1731 655 1760 esse
676 1716 975 1760 arbitrantur.
1045 1715 1294 1774 Equitibus
1307 1716 1542 1774 Romanis,

147 1792 480 1837 honestissimis
503 1793 625 1850 viris,
645 1792 922 1837 adferuntur
943 1807 1001 1836 ex
1018 1791 1135 1835 Asia
1157 1791 1323 1836 cotidie
1345 1792 1539 1850 litterae,

147 1885 342 1928 quorum
385 1884 578 1928 magnae
610 1885 682 1913 res
714 1873 927 1927 aguntur,
965 1868 1016 1911 in
1048 1868 1214 1912 vestris
1246 1867 1546 1927 vectigalibus

147 1945 413 1989 exercendis
445 1949 712 2003 occupatae3
759 1945 838 2003 qui
872 1944 931 1999 ad
969 1959 1042 1987 me
1079 1959 1162 2002 pro
1196 1943 1544 2000 necessitudine,

148 2036 264 2080 quae
307 2021 421 2064 mihi
465 2026 534 2065 est
566 2037 669 2065 cum
701 2021 781 2065 illo
814 2021 986 2078 ordine,
1024 2035 1207 2064 causam
1240 2021 1306 2064 rei
1339 2020 1546 2079 publicae

101 2095 125 2138 5
147 2095 439 2154 periculaque
456 2111 609 2139 rerum
627 2111 813 2139 suarum
827 2094 1114 2140 detulerunt:
1150 2095 1411 2153 Bithyniae,
1431 2110 1546 2154 quae

146 2186 271 2216 nunc
313 2176 468 2215 vestra
502 2171 738 2230 provincia
782 2175 862 2228 est,
903 2170 1027 2214 vicos
1070 2175 1257 2215 exustos
1298 2171 1395 2215 esse
1431 2186 1547 2215 com-

147 2247 323 2305 plures:
357 2261 550 2305 regnum
573 2244 915 2302 Ariobarianis,
944 2245 1066 2304 quod
1088 2245 1338 2288 finitimum
1360 2249 1430 2289 est
1451 2260 1546 2290 ves-

147 2323 232 2366 tris
255 2322 566 2380 vectigalibus,
596 2327 749 2367 totum
771 2336 868 2366 esse
897 2322 948 2365 in
975 2321 1178 2365 hostium
1207 2325 1457 2379 potestate3
1491 2322 1542 2367 L.

155 2396 393 2441 Lucullum
425 2396 604 2455 magnis
629 2397 764 2440 rebus
796 2396 936 2455 gestis
967 2396 1025 2440 ab
1058 2411 1110 2439 eo
1143 2395 1262 2440 beno
1296 2395 1546 2451 discedere3

145 2473 253 2517 huic
274 2473 354 2532 qui
376 2474 641 2516 successerit
661 2488 755 2517 non
777 2473 889 2517 satis
918 2487 1013 2517 esse
1035 2477 1249 2530 paratum
1270 2472 1329 2516 ad
1360 2477 1544 2517 tantum

144 2549 317 2593 bellum
350 2549 788 2604 administrandum3
822 2565 967 2593 unum
1000 2550 1057 2592 ab
1090 2548 1303 2592 omnibus
1335 2548 1467 2593 sociis
1498 2554 1546 2594 et

145 2626 322 2669 civibus
356 2625 414 2669 ad
450 2625 496 2668 id
526 2626 697 2669 bellum
732 2626 1053 2684 imperatorem
1085 2626 1265 2684 deposci
1295 2630 1434 2684 atque
1471 2641 1543 2670 ex-
