1702 2826
82 966 139 1010 38

87 1654 142 1697 39

94 2413 149 2458 40

160 154 216 197 16
418 153 508 197 DE'
552 152 836 197 IMPERIO
881 153 978 199 CN.
1028 153 1299 199 POMPEI.

155 275 369 335 cog-itare,
416 276 496 336 qui
538 276 781 336 pecuniam
825 291 884 321 ex
925 277 1103 321 aerario
1141 277 1459 336 depromptam
1501 277 1562 322 ad

155 352 329 396 bellum
357 352 779 396 administrandum
808 357 892 396 aut
924 356 1114 411 propter
1139 352 1439 411 cupiditatem
1464 367 1562 411 pro-

158 428 335 473 vinciae
363 428 713 486 magistratibus
742 428 955 472 diviserit
987 432 1070 471 aut
1098 432 1288 486 propter
1318 427 1562 472 avaritiam
1587 437 1590 440 ’

158 504 335 548 Romae
356 504 407 548 in
436 508 631 563 quaestu
664 503 933 563 reliquerit‘l
996 503 1171 547 Vestra
1197 503 1564 549 admurmuratio

157 580 281 636 facit,
329 580 546 635 Quirites,
593 585 647 623 ut
700 595 944 638 agnoscere
999 580 1264 635 videamini,
1320 580 1401 640 qui
1452 580 1565 625 haec

158 655 380 701 fecerint:
425 672 507 715 ego
540 661 696 700 autem
739 656 927 700 nomino
960 657 1212 713 neminem,
1259 672 1400 716 quare
1431 657 1566 702 irasci

158 732 274 776 mihi
294 747 430 776 nemo
452 732 636 790 poterit,
653 731 744 783 nisi
767 732 847 790 qui
869 735 978 776 ante
992 731 1049 776 de
1065 747 1113 776 se
1128 732 1328 776 voluerit
1343 732 1562 778 confiteri.

160 808 327 867 Itaque
359 813 549 867 propter
580 808 699 852 hanc
731 808 977 852 avaritiam
1009 808 1341 867 imperatorum
1369 813 1567 867 quantas

161 883 459 938 calamitates,
493 897 781 942 quocumque
814 888 1007 927 ventum
1040 887 1123 939 est,
1157 884 1306 928 nostri
1338 883 1567 927 exercitus

162 956 329 1014 ferant,
351 957 455 1015 quis
476 956 683 1015 ignorat?
748 957 939 1012 Itinera,
959 972 1076 1016 quae
1097 973 1180 1016 per
1200 958 1335 1003 hosce
1355 972 1502 1002 annos
1517 957 1566 1002 in

163 1032 305 1076 Italia
347 1047 429 1091 per
472 1048 606 1090 agros
648 1037 788 1092 atque
833 1034 1003 1092 oppida
1040 1033 1211 1078 civium
1250 1034 1565 1078 Romanorum

163 1109 311 1154 nostri
332 1109 634 1167 imperatores
661 1109 867 1168 fecerint,
895 1109 1222 1155 recordamini:
1256 1114 1359 1154 tum
1387 1109 1569 1154 facilius

164 1183 391 1239 statuetis,
419 1184 530 1243 quid
553 1184 678 1242 apud
700 1189 882 1229 exteras
904 1185 1117 1229 nationes
1145 1185 1246 1229 fieri
1278 1184 1565 1230 existimetis.

166 1259 342 1304 Utrum
378 1260 532 1318 plures
570 1260 863 1304 arbitramini
900 1275 982 1319 per
1018 1260 1153 1305 hosce
1187 1276 1334 1306 annos
1366 1261 1568 1306 militum

169 1341 423 1380 vestrorum
454 1336 594 1380 armis
626 1336 830 1380 hostium
859 1337 997 1381 urbes
1025 1352 1086 1381 an
1117 1337 1322 1381 hibernis
1343 1337 1567 1382 sociorum

164 1412 377 1456 civitates
399 1427 496 1456 esse
518 1412 715 1456 deletas'l
780 1412 946 1472 Neque
979 1413 1102 1457 enim
1133 1418 1288 1472 potest
1309 1414 1567 1474 ‚exercitum

164 1488 204 1532 is
226 1488 462 1532 continere
483 1488 748 1546 imperator,
770 1489 851 1546 qui
873 1504 920 1533 se
942 1489 1040 1548 ipse
1060 1504 1156 1533 non
1178 1489 1397 1545 continet,
1421 1504 1570 1548 neque

166 1577 352 1607 severus
381 1578 477 1607 esse
506 1564 556 1607 in
582 1563 841 1620 iudicando,
871 1564 951 1623 qui
982 1564 1097 1608 alios
1129 1564 1181 1608 in
1201 1579 1249 1608 se
1271 1579 1453 1609 severos
1474 1579 1572 1609 esse

165 1643 338 1687 iudices
359 1657 455 1685 non
478 1640 591 1684 vult.
631 1640 725 1684 Hic
742 1640 965 1684 miramur
986 1640 1110 1684 hunc
1131 1640 1364 1684 hominem
1385 1643 1569 1684 tantum

166 1717 387 1762 excellere
420 1716 595 1774 ceteris,
641 1716 771 1760 cuius
803 1716 1004 1775 legiones
1033 1716 1097 1760 sic
1131 1716 1182 1760 in
1220 1716 1385 1760 Asiam
1417 1730 1573 1775 perve-

167 1795 334 1853 nerint,
374 1799 428 1838 ut
470 1809 564 1837 non
599 1793 736 1838 modo
769 1808 933 1837 manus
964 1793 1088 1837 tanti
1121 1792 1362 1847 exercitus,
1396 1791 1476 1836 sed
1513 1807 1572 1836 ne

170 1871 412 1929 vestigium
447 1870 633 1929 quidem
667 1870 879 1928 cuiquam
913 1874 1076 1927 pacato
1119 1869 1327 1913 nocuisse
1365 1868 1574 1913 dicatur?

166 1947 269 1992 Iam
303 1962 412 1990 vero
446 1960 581 2005 quem
614 1945 674 1989 ad
706 1945 893 1989 modum
920 1945 1091 1995 milites
1123 1944 1381 2000 hibernent,
1406 1942 1574 1988 cotidie

167 2039 399 2069 sermones
442 2038 495 2067 ac
538 2023 723 2067 litterae
777 2021 1087 2081 perferuntur.
1176 2021 1287 2065 Non
1330 2020 1466 2065 modo
1519 2023 1574 2063 ut

167 2102 403 2157 sumptum
428 2097 569 2141 faciat
591 2097 641 2140 in
663 2096 859 2140 militem
881 2096 1056 2139 nemini
1079 2096 1150 2140 vis
1171 2095 1394 2151 adfertur,
1414 2095 1494 2139 sed
1515 2110 1574 2139 ne

167 2172 373 2232 cupienti
395 2171 582 2231 quidem
611 2172 824 2230 cuiquam
854 2171 1153 2230 permittitur.
1222 2169 1407 2214 Hiemis
1435 2168 1572 2224 enim,

168 2265 263 2294 non
301 2248 525 2292 avaritiae
560 2248 824 2307 perfugium
859 2247 1056 2291 maiores
1083 2246 1233 2291 nostri
1265 2247 1315 2290 in
1348 2245 1573 2290 sociorum

169 2329 308 2383 atque
332 2323 581 2367 amicorum
604 2323 739 2367 tectis
761 2338 858 2367 esse
880 2322 1139 2366 voluerunt.
1515 2307 1536 2314 “

264 2399 407 2444 XIV.
480 2400 579 2457 Age
623 2415 732 2444 vero
779 2399 944 2443 ceteris
986 2398 1038 2442 in
1080 2397 1217 2442 rebus
1260 2412 1351 2457 qua
1393 2395 1472 2440 isse
1514 2396 1579 2441 sit

170 2475 489 2535 temperantia,
523 2476 819 2521 considerate.
888 2475 1030 2522 Unde
1058 2475 1193 2532 issam,
1213 2479 1393 2519 tantam
1426 2473 1577 2519 celeri-

174 2558 317 2597 tatem
347 2558 395 2596 et
423 2558 519 2596 tam
546 2552 862 2596 incredibilem
892 2567 1077 2596 cursum
1105 2552 1349 2596 inventum
1378 2550 1578 2609 putatis?

173 2629 284 2675 Non
317 2629 439 2674 enim
469 2629 601 2673 illum
633 2630 802 2673 eximia
826 2630 896 2674 vis
918 2629 1143 2688 remigum
1166 2634 1249 2673 aut
1270 2643 1345 2672 ars
1367 2626 1579 2672 inaudita
