1702 2826
429 92 523 137 DE
561 93 850 139 IMPERIO
895 93 998 140 ΟΝ.
1045 93 1310 140 POMPEI.
1509 92 1560 140 ll

173 215 435 274 attingeret,
471 215 551 261 sed
587 216 638 260 in
677 215 930 259 exercitum
973 219 1182 259 nostrum
1217 215 1391 259 clarum
1428 219 1567 275 atque

174 291 392 336 victorem
428 291 652 350 impetum
695 291 815 336 fecit.
884 290 1032 335 Sinite
1074 290 1159 335 hoc
1200 291 1310 346 loco,
1349 291 1565 348 Quirites,

173 366 292 412 sicut
312 371 472 425 poetae
494 367 654 422 solent,
674 367 755 426 qui
777 382 849 411 res
870 367 1104 411 Romanas
1126 367 1346 423 scribunt,
1371 372 1568 426 praeter-

172 441 240 486 ire
260 457 334 486 me
354 447 559 487 nostram
590 443 911 498 calamitatem,
937 457 1053 502 quae
1086 447 1219 486 tanta
1252 442 1355 498 fuit,
1380 447 1434 486 ut
1466 459 1564 487 eam

171 516 231 562 ad
262 533 396 562 aures
426 518 715 578 imperatoris
746 533 841 563 non
872 534 931 563 ex
962 519 1134 577 proelio
1166 519 1372 575 nuntiuS,
1396 518 1476 563 sed
1508 535 1565 563 ex

171 607 378 638 sermone
399 609 556 638 rumor
575 594 788 639 adferret.
857 594 952 637 Hic
966 594 1017 637 in
1039 593 1118 638 illo
1140 594 1238 651 ipso
1257 593 1376 638 malo
1396 594 1564 652 gravis·
1587 598 1644 643 26

170 665 374 726 simaque
395 668 504 712 belli
525 668 772 713 offensione
795 668 846 712 L.
873 668 1107 722 Lucullus,
1128 668 1208 726 qui
1232 673 1388 712 tamen
1411 669 1565 728 aliqua

94 772 100 780 ·
171 756 229 786 ex
270 748 402 802 parte
443 744 501 788 iis
542 744 841 789 incommodis
884 743 1056 788 mederi
1092 743 1285 788 fortasse
1323 744 1558 802 potuisset,

171 821 323 863 vestro
344 818 471 863 iussu
493 825 686 875 coactus,
712 819 833 878 quod
855 819 1036 877 imperii
1057 819 1356 863 diuturnitati
1377 820 1562 864 modum

169 893 466 937 statuendum
481 899 633 938 vetere
651 894 859 953 exemplo
873 894 1133 953 putavistis,
1149 900 1327 954 partem
1345 896 1558 954 militum,

169 966 249 1025 qui
269 967 360 1011 iam
383 968 627 1027 stipendiis
650 969 869 1014 confectis
894 975 1040 1025 erant,
1067 971 1253 1026 dimisit,
1279 976 1456 1030 partem
1480 972 1558 1016 Μ’.

169 1042 409 1088 Glabrioni
437 1045 641 1090 tradidit.
710 1045 865 1089 Multa
894 1051 1130 1104 praetereo
1163 1047 1382 1102 consulto,
1408 1047 1488 1091 sed
1509 1063 1562 1091 ea

167 1134 248 1164 vos
269 1120 530 1165 coniectura
541 1121 796 1180 perspicite,
813 1127 1039 1180 quantum
1061 1122 1177 1167 iHud
1194 1122 1364 1167 bellum
1388 1123 1560 1168 factum

164 1195 350 1253 putetis,
377 1197 498 1256 quod
527 1197 810 1256 coniungant
838 1213 966 1256 reges
988 1198 1310 1256 potentissimi,
1338 1205 1561 1243 renovent

164 1269 365 1328 agitatae
407 1271 630 1326 nationes,
667 1271 920 1330 suscipiant
964 1272 1169 1330 integrae
1202 1276 1373 1330 gentes,
1413 1288 1561 1318 novus

163 1345 413 1405 imperator
433 1353 589 1392 noster
610 1348 804 1406 accipiat
827 1353 982 1392 vetere
1000 1348 1205 1393 exercitu
1227 1348 1370 1406 pulso.
1439 1348 1561 1394 Satis

163 1420 276 1466 mihi
298 1422 446 1467 multa
460 1423 600 1467 verba
622 1422 780 1468 fecisse
802 1423 971 1481 videor,
989 1439 1129 1483 quare
1151 1429 1270 1468 esset
1290 1424 1376 1469 hoc
1388 1424 1558 1469 bellum

161 1512 326 1555 genere
368 1498 467 1558 ipso
505 1500 822 1557 necessarium,
870 1500 1188 1558 magnitudine
1224 1500 1528 1559 periculosum
1548 1519 1557 1547 :

163 1578 306 1618 restat
349 1579 402 1619 ut
436 1576 492 1620 de
530 1576 804 1636 imperatore
841 1577 901 1621 ad
939 1577 989 1621 id
1022 1577 1194 1621 bellum
1230 1577 1470 1635 deligendo
1507 1593 1558 1621 ac

163 1653 308 1698 tantis
329 1654 464 1697 rebus
486 1653 788 1712 praeficiendo
811 1653 1056 1697 dicendum
1079 1668 1176 1696 esse
1198 1651 1423 1696 videatur.

252 1727 315 1773 X.
385 1728 596 1783 Utinam,
623 1729 839 1783 Quirites,
867 1729 1071 1772 virorum
1098 1728 1290 1772 fortium
1322 1732 1460 1786 atque
1493 1728 1558 1772 in-
1581 1735 1636 1778 2¹7

159 1803 423 1848 nocentium
466 1804 642 1862 copiam
684 1808 864 1848 tantam
908 1803 1150 1858 haberetis,
1189 1807 1243 1847 ut
1279 1802 1391 1847 haec
1428 1803 1557 1847 vobis

159 1879 426 1924 deliberatio
449 1880 645 1925 difficilis
674 1886 803 1936 esset,
829 1895 1073 1940 quemnam
1103 1878 1390 1938 potissimum
1412 1879 1557 1923 tantis

159 1953 295 1997 rebus
325 1969 378 1998 ac
414 1958 547 1998 tanto
581 1955 700 1999 bello
739 1954 1094 2014 praeficiendum
1131 1953 1386 2012 putaretis!
1431 1969 1556 1999 nunc

159 2043 266 2074 vero
287 2045 391 2074 cum
412 2030 473 2074 sit
495 2046 616 2075 unus
639 2031 719 2075 Cn.
746 2031 1005 2090 Pompeius,
1026 2029 1105 2089 qui
1126 2044 1220 2074 non
1242 2029 1376 2074 modo
1397 2044 1552 2074 eorum

157 2102 406 2161 hominum,
432 2105 512 2164 qui
543 2120 667 2150 nunc
699 2110 821 2160 sunt,
845 2105 1049 2164 gloriam,
1075 2103 1155 2148 sed
1184 2103 1323 2147 etiam
1356 2104 1553 2163 antiqui-

157 2177 267 2221 tatis
301 2178 567 2224 memoriam
599 2180 775 2224 virtute
809 2179 1051 2239 superarit,
1082 2190 1199 2237 quae
1232 2193 1304 2222 res
1335 2183 1405 2222 est
1437 2194 1553 2237 quae

155 2253 422 2312 cuiusquam
438 2255 645 2300 animum
665 2256 717 2300 in
739 2256 825 2301 hac
846 2272 983 2301 causa
1007 2255 1198 2300 dubium
1212 2254 1361 2300 facere
1382 2256 1551 2314 possit2

155 2329 254 2388 Ego
275 2330 399 2374 enim
419 2331 484 2375 sic
505 2332 731 2388 existimo,
757 2333 808 2378 in
829 2348 1007 2377 summo
1030 2333 1306 2391 imperatore
1330 2337 1551 2391 quattuor
1575 2338 1630 2381 28

155 2405 238 2451 has
259 2421 332 2451 res
351 2406 498 2452 inesse
521 2414 757 2467 oportere:
790 2409 1029 2454 scientiam
1055 2408 1121 2452 rei
1146 2408 1373 2464 militaris,
1401 2408 1548 2453 virtu-

152 2487 258 2538 tem,
282 2483 617 2539 auctoritatem,
634 2484 915 2529 felicitatem.
966 2484 1081 2537 Quis
1101 2484 1245 2542 igitur
1257 2484 1343 2528 hoc
1363 2483 1549 2528 homine

151 2556 364 2601 scientior
386 2573 601 2617 umquam
627 2564 709 2603 aut
732 2560 824 2603 fuit
844 2565 927 2603 aut
950 2575 1045 2603 esse
1062 2559 1245 2604 debuit?
1285 2559 1363 2617 qui
1392 2574 1416 2602 e
1439 2558 1547 2602 ludo

273 2661 320 2690 w.
1390 2647 1416 2689 5
