1702 2826
409 137 498 180 DE
540 136 826 182 IMPERIO
872 136 973 182 GN.
1018 135 1286 182 POMPEI.
1513 138 1543 182 3

141 262 250 322 peti,
273 260 469 305 eundem
490 260 614 304 hunc
635 273 780 302 unum
802 258 860 302 ab
884 258 1095 302 hostibus
1117 258 1276 314 metui,
1303 263 1541 316 praeterea

143 338 383 382 neminem.

237 413 386 457 Causa
423 426 539 471 quae
576 411 638 455 sit
673 410 862 454 videtis:
908 425 1033 453 nunc
1068 409 1180 468 quid
1218 408 1447 468 agendum
1482 410 1543 453 sit
1563 414 1588 456 6

142 480 435 532 considerate.
503 485 712 550 Primum
755 485 871 528 mihi
909 484 1095 528 videtur
1128 485 1185 528 de
1220 500 1386 543 genere
1419 486 1541 541 belli,

142 562 307 607 deinde
334 561 391 606 de
415 560 746 619 magnitudine,
773 565 875 604 tum
906 559 963 604 de
995 560 1270 619 imperatore
1304 560 1545 619 deligendo

141 654 238 684 esse
280 637 534 683 dicendum.
625 637 784 681 Genus
827 641 898 680 est
939 636 1049 680 belli
1093 637 1191 680 eius
1234 637 1371 693 modi,
1419 636 1542 696 quod

142 713 340 758 maxime
362 717 539 757 vestros
566 712 744 756 animos
772 711 973 755 excitare
1003 716 1142 771 atque
1171 712 1457 757 inflammare
1486 712 1546 757 ad

143 788 444 848 persequendi
477 788 683 833 studium
726 787 911 832 debeat:
957 788 1008 831 in
1053 803 1142 846 quo
1187 788 1343 846 agitur
1386 789 1545 847 populi

143 867 343 911 Romani
365 866 521 925 gloria,
550 880 667 925 quae
689 865 820 909 vobis
841 881 869 909 a
901 865 1151 909 maioribus
1173 881 1275 909 curn
1306 881 1473 924 magna
1495 866 1545 909 in

143 942 355 986 omnibus
376 942 523 998 rebus,
549 945 650 985 tum
681 955 859 984 summa
886 940 937 983 in
959 955 1007 983 re
1031 940 1223 984 militari
1253 940 1429 984 tradita
1451 945 1522 984 est
1531 956 1544 996 3

142 1018 297 1076 agitur
317 1016 441 1061 salus
463 1015 688 1060 sociorum
713 1020 853 1073 atque
885 1015 1149 1071 amicorum,
1176 1030 1259 1073 pro
1284 1030 1375 1074 qua
1396 1015 1545 1060 multa

142 1092 336 1137 maiores
357 1091 500 1135 vestri
513 1106 679 1149 magna
692 1095 739 1134 et
751 1091 911 1148 gravia
922 1090 1043 1134 bella
1054 1095 1319 1149 gesserunt3
1341 1095 1546 1150 aguntur

143 1168 395 1213 certissima
415 1166 573 1225 populi
596 1165 796 1210 Romani
810 1163 1052 1223 vectigalia
1074 1170 1121 1208 et
1142 1164 1358 1222 maxima,
1379 1166 1546 1224 quibus

143 1243 320 1287 amissis
341 1247 389 1286 et
410 1241 534 1300 pacis
555 1245 826 1285 ornamenta
847 1244 895 1283 et
916 1240 1122 1284 subsidia
1142 1239 1253 1284 belli
1276 1240 1521 1298 requiretis
1531 1255 1543 1295 3

143 1322 345 1376 aguntur
363 1317 485 1361 bona
507 1316 757 1359 multorum
779 1315 961 1371 civium,
988 1315 1155 1374 quibus
1177 1321 1246 1359 est
1277 1331 1306 1359 a
1336 1315 1466 1360 vobis
1498 1321 1544 1359 et

143 1394 346 1453 ipsorum
368 1397 416 1437 et
436 1393 503 1436 rei
531 1392 739 1450 publicae
767 1406 903 1435 causa
926 1389 1266 1434 consulendum.
1336 1390 1430 1434 III.
1481 1391 1544 1434 Et
1563 1394 1589 1436 ¹7

143 1469 359 1529 quoniam
402 1482 580 1526 semper
621 1467 891 1525 adpetentes
932 1467 1103 1525 gloriae
1147 1471 1329 1524 praeter
1371 1472 1545 1511 ceteras

143 1549 301 1603 gentes
322 1548 461 1603 atque
482 1543 608 1587 avidi
629 1542 779 1587 laudis
802 1543 968 1599 fuistis,
996 1543 1190 1587 delenda
1219 1548 1289 1587 est
1311 1544 1442 1587 vobis
1463 1543 1544 1587 illa

143 1618 322 1663 macula
360 1617 681 1679 Mithridatico
716 1616 835 1660 bello
878 1617 1111 1674 superiore
1156 1621 1386 1674 concepta,
1429 1631 1544 1675 quae

144 1693 328 1752 penitus
369 1692 462 1736 iam
500 1691 670 1735 insedit
704 1706 756 1734 ac
799 1690 937 1734 nimis
975 1690 1257 1734 inveteravit
1292 1691 1342 1733 in
1386 1691 1544 1749 populi

146 1768 344 1813 Romani
365 1767 562 1823 nomine,
588 1766 710 1825 quod
731 1766 783 1823 is,
812 1766 891 1824 qui
914 1780 1006 1809 uno
1030 1765 1104 1809 die
1126 1770 1227 1808 tota
1249 1765 1300 1808 in
1322 1765 1451 1823 Asia,
1474 1771 1545 1810 tot

144 1845 194 1888 in
236 1844 514 1900 civitatibus,
557 1858 650 1886 uno
693 1843 858 1886 nuntio
902 1847 1042 1901 atque
1077 1858 1171 1886 una
1206 1843 1544 1900 significatione

144 1924 403 1967 litterarum
446 1922 568 1965 cives
611 1921 844 1964 Romanos
886 1920 1114 1964 necandos
1157 1921 1543 1981 trucidandosque

145 1998 394 2052 denotavit,
415 2012 508 2040 non
530 1995 663 2039 modo
678 1995 827 2038 adhuc
843 2009 1036 2053 poenam
1059 1995 1234 2039 nullam
1250 2011 1332 2039 suo
1356 1996 1541 2055 dignam

145 2074 310 2119 scelere
331 2073 541 2131 suscepit,
565 2071 643 2116 sed
656 2071 714 2114 ab
735 2071 815 2114 illo
829 2075 1034 2128 tempore
1048 2086 1221 2114 annum
1246 2071 1337 2114 iam
1352 2073 1542 2116 tertium

146 2155 192 2194 et
225 2149 489 2193 vicesimum
522 2152 696 2205 regnat,
723 2152 771 2190 et
803 2147 870 2190 ita
903 2151 1076 2204 regnat,
1110 2151 1162 2190 ut
1195 2161 1242 2190 se
1276 2162 1370 2191 non
1403 2147 1543 2192 Ponti

147 2240 292 2284 neque
326 2223 637 2283 Cappadociae
666 2223 855 2266 latebris
881 2221 1109 2265 occultare
1142 2222 1268 2277 velit,
1294 2222 1373 2266 sed
1406 2238 1544 2267 emer·
1611 2237 1616 2241 ·

145 2316 250 2360 gere
271 2315 330 2344 ex
351 2300 500 2359 patrio
530 2313 669 2356 regno
691 2303 830 2356 atque
858 2298 909 2340 in
931 2298 1097 2341 vestris
1120 2298 1431 2355 vectigalibus,
1459 2299 1544 2343 hoc

148 2383 217 2422 est
252 2378 303 2420 in
334 2376 476 2419 Asiae
511 2376 611 2418 luce
646 2374 830 2418 versari.
901 2374 1087 2417 Etenim
1115 2374 1265 2418 adhuc
1297 2375 1364 2419 ita
1396 2376 1543 2419 nostri
1559 2380 1587 2423 8

149 2469 249 2499 cum
293 2454 372 2497 illo
408 2468 510 2511 rege
548 2451 887 2496 contenderunt
921 2450 1232 2508 imperatores,
1276 2456 1330 2495 ut
1372 2452 1430 2495 ab
1464 2452 1543 2496 illo

149 2531 345 2589 insignia
361 2529 591 2583 victoriae,
607 2542 702 2572 non
714 2527 954 2570 victoriam
968 2531 1268 2584 reportarent.
1305 2527 1541 2586 Triumph-

148 2606 246 2650 avit
276 2605 325 2647 L.
353 2604 492 2659 Sulla,
521 2601 827 2660 triumphavit
858 2601 907 2645 L.
935 2601 1134 2644 Murena
1163 2601 1219 2644 de
1250 2602 1538 2661 Mithridate,
